4584 6309
1124 656 1162 669 ..
1188 624 1224 687 13
1245 656 1283 669 ..

552 764 668 831 Statim
684 781 723 827 ac
739 764 771 826 in
788 762 958 827 ecclesiam
974 760 1151 855 episcopus
1166 762 1287 841 introit,
1303 760 1417 826 recitat
1430 762 1692 843 archipresbyter
1706 764 1887 828 orationem
1900 765 1955 842 (l).

571 903 691 966 Postea
722 902 848 979 psaltae
880 900 994 961 dicunt
1024 897 1183 976 trisagion
1205 897 1269 975 (2).
1291 899 1330 961 Et
1350 899 1439 961 illico
1469 898 1646 978 episcopus
1673 899 1751 963 dicit
1771 901 1953 963 orationem

421 1089 425 1098 .
462 1042 540 1104 ante
562 1039 719 1102 lectiones
733 1035 778 1114 (3)
793 1038 824 1098 et
838 1036 929 1098 sedet
943 1000 1005 1097 suo
1020 1035 1102 1111 loco,
1118 1034 1302 1114 sedentque
1324 1035 1504 1117 presbyteri
1527 1035 1616 1099 iuxta
1636 1036 1785 1116 ipsorum
1806 1038 1955 1117 gradum.

572 1175 611 1237 Et
631 1173 740 1237 statim
762 1174 881 1235 clamat
895 1170 1148 1235 archidiaconus
1163 1171 1208 1247 (4)
1223 1188 1232 1232 :
1246 1150 1405 1213 παυσασθε
1426 1173 1439 1247 (
1459 1172 1553 1235 silete
1572 1172 1603 1249 ).

572 1311 612 1374 Et
632 1310 719 1373 illico
751 1310 852 1372 lector
872 1306 1020 1370 ascendit
1041 1307 1086 1383 (5)
1107 1310 1139 1371 et
1159 1308 1336 1371 annuntiat
1358 1326 1478 1372 nomen
1507 1310 1582 1373 libri
1604 1309 1657 1373 sui
1678 1310 1693 1386 l
1713 1326 1751 1373 ex
1772 1326 1839 1390 quo
1861 1309 1957 1373 lectio

467 1448 642 1525 desumpta
664 1446 765 1521 est).

575 1582 661 1645 Hinc
681 1580 935 1645 archidiaconus
955 1580 1075 1643 clamat
1096 1579 1140 1657 (6)
1162 1598 1170 1642 :
1197 1574 1374 1642 liwtl’tl't*
1397 1581 1410 1649 l
1429 1580 1694 1658 attendamus).

481 1818 831 1837 ..ι-..Μ

504 2040 548 2104 (l)
568 2038 599 2093 ln
617 2040 798 2095 documento
829 2038 928 2112 itaque
957 2042 1037 2113 quod
1066 2056 1137 2111 prae
1165 2042 1262 2098 oculis
1282 2042 1414 2113 habetur,
1434 2041 1556 2113 liturgia
1587 2042 1745 2099 inchoatur
1762 2046 1800 2101 ab
1819 2044 1957 2101 oratione

467 2164 619 2222 recitanda
638 2169 676 2223 ab
696 2168 954 2240 archipresbytero
974 2170 1042 2225 ante
1062 2168 1229 2241 trisagium,
1249 2168 1471 2239 praetermissis
1491 2170 1547 2225 sub
1567 2169 1687 2226 silentio
1708 2170 1954 2241 praecedentibus

465 2292 589 2349 secretis
607 2294 806 2363 orationibus,
825 2313 900 2368 quas
920 2276 958 2353 in*
970 2296 1188 2367 posterioribus
1207 2296 1404 2353 orientalibus
1422 2296 1554 2367 liturgiis
1572 2298 1637 2353 sive
1665 2298 1950 2369 Hierosolymitana‚

469 2421 515 2477 vel
535 2422 720 2480 Antiochena
748 2426 800 2481 aut
818 2426 1017 2483 Alexandrina
1036 2428 1088 2482 aut
1115 2422 1282 2497 Byzantina
1301 2427 1331 2481 et
1348 2424 1528 2481 Nestoriana
1547 2425 1653 2481 recitat
1672 2427 1826 2482 celebrans
1844 2428 1883 2483 ad
1904 2426 1958 2483 in·

469 2548 591 2605 troitum
612 2552 650 2607 ad
669 2552 880 2623 sanctuarium,
899 2554 938 2609 ad
959 2554 1174 2610 incendendum
1194 2554 1264 2609 thus
1283 2555 1346 2611 etc.

507 2677 551 2741 (2)
570 2676 739 2749 Trisagium
772 2680 913 2736 recitatur
941 2680 970 2736 in
989 2681 1110 2751 liturgia
1142 2681 1255 2737 missae
1284 2681 1354 2736 ante
1372 2678 1516 2735 lectiones
1546 2678 1748 2750 scripturales
1780 2679 1810 2735 in
1841 2679 1959 2736 cunctis

470 2802 606 2859 ecclesiis
625 2806 830 2878 orientalibus
850 2810 970 2878 excepta
988 2808 1198 2881 Alexandrina,
1212 2808 1242 2864 in
1256 2824 1315 2879 qua
1333 2807 1450 2864 canitur
1468 2806 1587 2878 quidem
1608 2807 1766 2878 trisagium
1785 2809 1854 2863 ante
1873 2821 1961 2863 evan·

468 2930 588 3001 getium,
607 2934 660 2988 sed
680 2936 750 3003 post
769 2935 912 2991 lectiones
931 2950 965 2991 ex
984 2936 1123 3006 apostolo
1144 2938 1226 2992 etex
1245 2924 1385 3006 epistolis
1403 2933 1586 2993 catholicis.

504 3058 545 3130 (3)
564 3060 760 3119 Solnmmodo
794 3063 823 3119 in
851 3063 981 3136 liturgiis
1012 3064 1294 3136 Hierosolymitana,
1322 3064 1508 3121 antiochena
1535 3066 1565 3120 et
1594 3062 1772 3119 Nestoriana
1799 3062 1958 3118 celebrans

466 3190 571 3247 recitat
590 3191 705 3247 secreto
725 3192 878 3247 orationes
897 3194 965 3249 ante
985 3193 1128 3250 lectiones
1147 3208 1184 3249 ex
1202 3209 1236 3249 s.
1254 3193 1423 3264 Scriptura.

510 3324 550 3395 (4)
568 3324 653 3393 Apud
673 3321 869 3377 Nestorianos
889 3323 982 3377 lector
1000 3322 1044 3377 sic
1064 3324 1132 3378 ante
1152 3321 1280 3390 primam
1300 3322 1457 3377 lectionem
1477 3321 1671 3392 proclamat.
1692 3311 1833 3377 αὸιο
1855 3301 1954 3379 ω).

468 3464 628 3518 »an-na:
651 3440 737 3533 §92
760 3439 987 3518 MfflSedete
1000 3451 1029 3505 et
1042 3449 1132 3521 quieti
1153 3450 1266 3504 estote.
1285 3448 1326 3504 Ex
1344 3449 1421 3503 libro
1442 3448 1475 3505 N.
1494 3446 1624 3504 Benedic
1642 3447 1795 3520 bominem
1808 3450 1837 3505 et
1850 3448 1955 3504 iterum

471 3584 540 3639 ante
567 3586 727 3639 secundam
761 3580 919 3639 lectionem
948 3579 1015 3637 ait:
1038 3589 1234 3641 ..s-mu
1254 3615 1265 3634 ·
1285 3570 1372 3661 ῥὶς
1392 3560 1537 3637 erl-ma
1558 3613 1569 3634 .
1587 3568 1669 3635 οδω,
1690 3575 1806 3645 “Quieti
1837 3577 1953 3632 estote.

351 3686 352 3689 Ἴ
467 3710 627 3781 Prophclia
646 3712 687 3769 N.
707 3712 835 3769 Benedic
853 3710 1006 3779 Domina„
1025 3709 1118 3765 Porro
1138 3707 1227 3763 binae
1246 3707 1390 3763 lectiones
1409 3705 1616 3777 scripturales
1637 3721 1713 3776 quas
1731 3706 1837 3761 auctor
1855 3704 1960 3759 noster

466 3838 537 3895 dicit
557 3840 698 3911 legendas
718 3844 787 3898 ante
807 3840 966 3911 epistolam
986 3838 1152 3906 Paulinam,
1171 3836 1373 3892 desumendac
1392 3837 1462 3891 sunt
1481 3850 1518 3890 ex
1535 3834 1568 3890 V.
1587 3834 1627 3891 T.
1646 3833 1689 3889 uti
1710 3832 1831 3890 disertis
1851 3830 1954 3888 verbis

462 3966 669 4034 praescribunt
690 3968 929 4025 constitutiones
947 3964 1140 4035 apostolicae
1161 3962 1190 4019 in
1210 3962 1266 4019 lib.
1287 3964 1310 4019 ll
1328 3978 1361 4019 c.
1380 3964 1415 4020 57
1435 3965 1464 4018 et
1478 3963 1507 4019 in
1521 3963 1580 4019 lib.
1598 3961 1659 4018 Vlll
1673 3978 1689 4018 c
1701 4005 1706 4019 .
1719 3965 1744 4017 5.
1758 3962 1839 4017 Usus
1853 3975 1947 4031 porro

463 4093 578 4163 legendi
600 4096 629 4150 in
649 4097 745 4153 missa
764 4098 840 4153 duas
870 4094 1015 4151 lectiones
1034 4106 1068 4149 ex
1086 4092 1126 4147 V.
1145 4090 1184 4147 Τ.
1204 4092 1272 4147 ante
1300 4091 1444 4147 lectiones
1462 4106 1497 4147 ex
1518 4091 1564 4148 N.
1586 4090 1634 4148 Τ.
1666 4090 1746 4161 viget
1765 4089 1854 4145 hodie
1872 4090 1954 4157 apud

461 4220 546 4276 solos
565 4222 676 4293 Syros,

496 4349 536 4415 (5)
556 4350 585 4406 ld
606 4353 745 4409 convenit
778 4368 844 4409 curn
866 4350 925 4407 lib.
945 4349 968 4405 ll
988 4364 1021 4405 c.
1039 4348 1074 4403 59
1095 4346 1144 4402 ubi
1166 4346 1379 4416 praescribitur
1407 4348 1440 4403 ut
1459 4348 1553 4403 lector
1573 4345 1624 4404 “ex
1651 4346 1732 4403 edito
1753 4346 1836 4414 loco„
1866 4343 1949 4413 legat

458 4489 562 4531 sacras
583 4478 745 4538 lectiones.

493 4604 534 4677 (6)
555 4606 584 4662 ln
605 4608 728 4678 liturgia
759 4606 923 4681 Byzantina
951 4606 1020 4661 ante
1039 4605 1068 4659 et
1088 4604 1158 4673 post
1175 4601 1323 4673 epistolae
1351 4601 1546 4671 antiphonam
1577 4600 1811 4671 praemitendam
1832 4598 1945 4655 clamat

457 4735 602 4792 diaconus
624 4734 845 4805 “attendamus‚‚
867 4736 898 4789 ut
917 4732 1045 4789 concitet
1063 4732 1172 4787 coeturn
1193 4732 1231 4787 ad
1250 4729 1428 4786 audiendam
1449 4728 1628 4785 lectionem.
