4584 6309
1236 1040 1247 1101 l

910 1213 1004 1281 Ritus
1025 1215 1056 1276 et
1077 1229 1223 1278 canones
1245 1216 1286 1278 de
1307 1214 1574 1277 ordinationibus

1010 1368 1095 1429 quae
1117 1351 1150 1413 in
1173 1369 1211 1414 s.
1232 1352 1370 1415 ecclesia
1390 1352 1475 1413 fiunt

606 1627 705 1703 lQui
737 1627 779 1689 ad
815 1625 1061 1704 suscipiendum
1093 1626 1368 1703 complementum
1402 1626 1606 1704 principatus
1636 1576 1809 1689 sacerdotii
1851 1630 1978 1705 accedit,

498 1766 692 1842 provolutus
713 1765 845 1827 duobus
866 1760 1006 1841 genibus
1027 1778 1136 1824 eoram
1159 1762 1254 1824 altari
1277 1762 1425 1841 procidit,
1441 1764 1519 1825 dum
1540 1780 1642 1842 super
1663 1763 1736 1826 eius
1759 1767 1860 1842 caput
1881 1764 1977 1843 impo-

499 1902 623 1963 nuntur
643 1900 755 1963 divina
776 1900 876 1962 verba
897 1898 1000 1960 sancti
1024 1896 1189 1977 Evangelii
1213 1916 1280 1960 una
1301 1916 1374 1961 cum
1398 1914 1497 1959 manu
1520 1899 1684 1976 pontificis
1699 1900 1979 1976 (consecrantis).

497 2038 542 2101 lta
575 2037 672 2115 igitur
702 2036 862 2099 eiusmodi
903 2034 965 2097 ritu
999 2035 1053 2096 ille
1084 2033 1250 2112 perficitur
1281 2050 1338 2112 per
1369 2034 1554 2112 pontificem
1576 2035 1870 2111 (consecratorem
1892 2036 1905 2113 )
1926 2036 1978 2115 qui

496 2190 568 2237 eum
593 2174 717 2252 perficit
738 2190 795 2251 per
817 2172 1042 2234 invocationes
1064 2173 1197 2233 sanctas
1218 2188 1303 2249 quae
1323 2171 1407 2232 fiunt
1428 2188 1529 2248 super
1550 2171 1682 2249 ipsum.

601 2312 621 2373 2
641 2310 704 2385 Qui
727 2312 834 2373 autem
858 2309 891 2370 in
914 2308 1114 2371 sacerdotem
1137 2306 1310 2369 ordinatur
1330 2309 1360 2368 et
1382 2306 1454 2384 ipse
1477 2309 1670 2384 provolutus
1691 2309 1822 2371 duobus
1842 2309 1982 2387 genibus

494 2465 603 2511 coram
626 2446 720 2509 altari
744 2444 891 2523 procidit,
913 2461 1013 2522 quum
1039 2442 1219 2521 imponitur
1240 2459 1343 2521 super
1363 2442 1435 2504 eius
1455 2445 1554 2520 caput
1576 2461 1695 2506 manus
1715 2445 1847 2507 dextera
1869 2446 1978 2523 ponti-

493 2585 582 2647 licis.
606 2584 674 2645 Hoc
696 2582 805 2659 itaque
827 2580 889 2642 ritu
914 2580 967 2641 ille
989 2582 1136 2641 sacratur
1157 2597 1177 2641 a
1199 2578 1360 2657 pontifice.
1382 2580 1438 2657 qui
1461 2580 1600 2642 eundem
1624 2582 1748 2659 perficit
1769 2599 1828 2661 per
1849 2583 1974 2645 invoca-

494 2722 603 2784 tiones
623 2718 828 2781 conferentes
849 2716 1089 2779 sacerdotium.

601 2858 622 2917 3
643 2854 809 2917 Diaconos
836 2868 913 2915 vero
945 2852 1044 2914 flectit
1066 2868 1168 2914 unum
1192 2852 1221 2913 i.
1243 2870 1278 2914 e.
1300 2853 1467 2915 dexterum
1497 2870 1583 2932 genu
1606 2869 1719 2917 coram
1752 2856 1858 2933 altari,
1880 2873 1978 2934 quum

496 3010 596 3073 super
617 2992 762 3054 eiusdem
784 2992 881 3067 caput
904 2988 1084 3067 imponitur
1106 3006 1225 3051 manus
1247 2989 1359 3051 dextra
1381 2990 1546 3068 pontificis
1567 2991 1623 3070 qui
1647 2990 1739 3053 illum
1762 2992 1908 3071 perficit.
1931 2996 1978 3055 Ab

496 3133 608 3195 eodem
642 3130 751 3204 itaque
781 3126 837 3189 ille
870 3125 1035 3205 perficitur
1066 3142 1123 3204 per
1159 3126 1409 3203 invocationem,
1441 3126 1525 3188 idest
1557 3144 1614 3205 per
1645 3128 1822 3207 orationes,
1858 3129 1978 3209 quibus

495 3266 623 3331 diaconi
647 3264 850 3329 efficiuntur.

601 3406 620 3465 4
641 3402 797 3481 Singulos
819 3402 925 3462 autem
949 3416 986 3461 ex
1009 3398 1195 3477 praedictis,
1217 3402 1292 3477 post
1320 3398 1559 3461 invocationem
1582 3402 1612 3460 ef
1632 3400 1873 3462 ordinationem
1889 3418 1979 3463 sanc·

493 3544 573 3618 tam,
609 3539 718 3617 signat
753 3535 913 3598 ordinans
946 3534 1090 3614 pontifex
1125 3535 1221 3614 signo
1256 3535 1382 3597 crucis.
1418 3535 1494 3596 item
1527 3536 1567 3597 de
1599 3535 1740 3614 singulis
1775 3553 1888 3600 eorum
1923 3539 1976 3600 frat

496 3676 714 3756 promulgatio
749 3675 871 3749 sancta,
903 3676 933 3735 et
964 3673 1153 3735 enuntietur
1187 3690 1250 3750 pax
1286 3672 1468 3750 perficiens,
1490 3674 1521 3733 et
1551 3676 1630 3734 tunc
1659 3632 1776 3735 omnes
1797 3678 1828 3737 et
1858 3670 1976 3754 singuli

495 3813 682 3876 sacerdotes
703 3810 758 3889 qui
782 3812 989 3890 reperiuntur
1011 3810 1044 3871 in
1077 3810 1285 3873 ordinatione
1307 3812 1339 3871 ef
1360 3808 1521 3887 imprimis
1543 3809 1613 3886 ipse
1644 3809 1789 3887 pontifex
1818 3811 1976 3874 ordinans

494 3952 572 4013 dent
594 3966 704 4028 pacem
728 3948 774 4009 illi
796 3948 852 4027 qui
874 3948 1046 4011 ordinatur
1068 3948 1100 4009 in
1124 3966 1226 4009 unum
1250 3964 1287 4008 ex
1309 3944 1483 4007 ordinibus
1503 3946 1677 4009 sacerdotii
1700 3948 1766 4023 (l).

506 4481 885 4503 ,Μ

530 4620 574 4685 (l)
595 4614 650 4671 cf.
670 4614 785 4684 pseudo
805 4611 935 4683 Dionys.
955 4610 1124 4680 Areopagit.
1144 4611 1181 4665 de
1201 4609 1373 4665 Hierarclria
1392 4610 1507 4663 eccles.
1526 4606 1559 4677 V,
1579 4609 1603 4677 2,
1624 4609 1673 4664 ubi
1693 4612 1873 4670 describitur
1891 4633 1978 4673 sum·
2095 4597 2096 4608 ἵ

500 4732 612 4791 marius
632 4728 706 4785 ritus
726 4726 910 4798 singularum
931 4723 1153 4779 ordinationum
1176 4723 1281 4779 iisdem
1302 4738 1336 4778 ac
1356 4722 1451 4777 nostri
1474 4722 1564 4779 libelli
1585 4722 1701 4779 verbis.
