4584 6309
390 658 455 721 vill

393 797 598 860 Baradaeum
621 798 810 877 episcopum
835 795 1100 875 monophysitam
1123 793 1286 857 Edessae.

498 933 527 995 V
567 934 724 1013 Excerpta
747 949 784 995 ex
807 931 954 994 homiliis
974 930 1172 1011 epithroniis
1192 931 1303 994 Severi
1326 931 1541 997 antiocheni.

500 1206 835 1271 Animadvertendum
858 1208 907 1268 est
928 1207 1036 1268 autem
1059 1222 1097 1268 ex
1119 1206 1219 1268 modo
1240 1205 1442 1269 enumeratis
1463 1206 1670 1270 documentis
1691 1209 1726 1271 lm
1748 1208 1883 1289 quidem

394 1348 425 1410 et
446 1346 508 1408 iilm
529 1342 691 1407 desinenti
715 1344 850 1405 saeculo
871 1343 990 1420 quarto
1011 1342 1065 1403 vel
1085 1340 1201 1419 quinto
1224 1340 1349 1404 ineunti
1372 1341 1526 1421 adscribi,
1548 1342 1676 1423 reliqua
1696 1360 1774 1407 vero
1795 1350 1887 1410 sexto

395 1498 470 1546 esse
491 1482 676 1545 anteriora.

503 1618 577 1693 Quo
612 1632 711 1695 porro
744 1614 862 1677 melius
893 1613 1076 1676 innotescat
1105 1615 1232 1693 quanta
1252 1631 1290 1676 ex
1313 1613 1429 1677 iisdem
1465 1614 1619 1695 affulgeat
1639 1618 1694 1679 lux
1715 1634 1886 1682 sacrarum

395 1756 582 1836 disciplinis
602 1754 845 1834 antiquitatum,
861 1752 924 1815 sub
940 1751 1071 1815 lectoris
1092 1752 1199 1815 oculis
1212 1753 1262 1815 vel
1279 1752 1313 1815 in
1330 1752 1403 1832 ipsa
1417 1754 1478 1817 hac
1494 1754 1696 1833 praefatione
1717 1756 1886 1819 delineare

398 1894 542 1973 praestat
564 1892 741 1971 praecipua
762 1906 801 1952 ex
823 1888 939 1953 lisdem
963 1888 1158 1967 deprompta
1179 1892 1394 1968 argumenta.

505 2028 651 2091 Primum
675 2028 786 2107 itaque
820 2027 1052 2089 documentum
1076 2042 1142 2087 non
1166 2027 1275 2088 solum
1304 2026 1495 2089 vetustioris
1523 2026 1673 2106 liturgiae
1695 2028 1729 2091 in
1752 2030 1892 2093 ecclesia

397 2165 603 2228 Antiochena
630 2164 786 2229 describit
815 2166 938 2242 partem
970 2162 1297 2241 praeanaphoricam,
1319 2163 1377 2226 sed
1400 2165 1432 2226 et
1450 2166 1590 2228 testatur
1616 2164 1695 2227 olim
1718 2166 1752 2227 in
1775 2166 1887 2229 eadem

396 2302 532 2365 ecclesia
554 2300 716 2364 exstitisse
737 2303 805 2363 tum
829 2299 1001 2377 utriusque
1023 2297 1154 2376 linguae
1174 2314 1309 2376 graecae
1331 2303 1362 2363 et
1382 2298 1530 2380 syriacae
1553 2317 1659 2379 usum,
1679 2303 1749 2363 tum
1771 2302 1888 2381 dupli·

397 2455 465 2502 cem
488 2438 606 2503 seriem
628 2453 741 2501 sacrae
763 2436 965 2499 hierarchiae
987 2436 1227 2512 ministrorum,
1241 2452 1382 2515 quorum
1398 2436 1454 2499 alii
1476 2452 1590 2515 graece
1605 2438 1660 2501 alii
1683 2437 1814 2517 syriace
1825 2454 1887 2501 suo

400 2592 534 2637 munere
557 2574 590 2635 in
620 2572 834 2635 eucharistica
868 2572 982 2651 synaxi
1016 2573 1213 2635 celebranda
1243 2572 1382 2634 seorsim
1417 2571 1657 2650 iungebantur.
1678 2571 1835 2637 Videlicet
1856 2574 1890 2636 in

400 2710 546 2791 praelato
568 2711 765 2773 documento
788 2711 1012 2771 memorantur
1032 2712 1105 2771 tum
1125 2711 1227 2773 lector
1245 2724 1385 2788 graecus
1405 2715 1475 2771 tum
1498 2710 1600 2773 lector
1619 2727 1726 2790 syruS,
1749 2711 1892 2791 itemque

402 2848 564 2911 diaconus
584 2863 721 2927 graecus
742 2852 774 2909 et
794 2844 956 2909 diaconus
977 2862 1093 2925 syrus.

507 2986 654 3047 Alterum
685 2984 929 3058 documentum,
950 2982 1088 3045 coeteris
1119 2981 1371 3061 praetermissis,
1392 2999 1431 3045 ex
1452 3000 1492 3045 eo
1513 2985 1771 3059 commendatur,
1803 2987 1893 3064 quod

402 3120 531 3201 pristini
568 3119 637 3185 aevi
674 3134 820 3183 canones
854 3118 1138 3197 caerimoniasque
1169 3118 1320 3181 exhibeat
1351 3118 1619 3183 dimittendorum
1656 3120 1894 3199 poenitentium

407 3261 506 3339 atque
527 3257 848 3333 catechumenorum,
869 3256 1042 3335 tradatque
1064 3255 1251 3317 orationum
1286 3252 1448 3318 formulas
1469 3256 1685 3334 proferendas
1707 3276 1808 3337 super
1837 3262 1893 3323 ut·
1941 3266 1943 3270 “

402 3414 541 3477 rumque
555 3394 714 3457 ordinem.
730 3393 925 3473 Suppeditat
946 3395 1114 3471 praeterea
1136 3392 1296 3471 notitiam,
1312 3394 1471 3457 hactenus
1493 3393 1692 3473 incognitam
1715 3398 1888 3461 cuiusdam

403 3533 555 3598 haeretici
578 3536 609 3597 et
630 3520 758 3612 pseudo
774 3570 784 3581 ·
800 3533 946 3612 episcopi
971 3533 1104 3597 nomine
1126 3533 1248 3609 Zabad,
1263 3532 1319 3610 qui
1342 3534 1406 3595 sub
1427 3532 1549 3597 Severo
1572 3534 1758 3614 patriarcha
1780 3538 1891 3600 Antio-

404 3674 510 3735 cheno
531 3670 679 3733 vivebat.
1815 3628 1821 3636 ⁶

511 3807 556 3869 Ex
577 3806 672 3870 tertio
703 3807 900 3869 documento
932 3807 1046 3884 plurae
1077 3805 1291 3884 quaestiones
1320 3805 1360 3868 de
1388 3804 1473 3867 sacri
1505 3805 1634 3868 ordinis
1663 3807 1830 3886 gradibus,
1852 3808 1894 3871 de

404 3946 611 4025 singulorum
634 3944 735 4005 variis
757 3942 883 4021 officiis
905 3944 1010 4022 deque
1032 3942 1151 4005 ritibus
1171 3941 1419 4004 ordinationum
1442 3944 1551 4020 ample
1572 3942 1815 4007 dilucidantur.

513 4080 635 4143 Ultimo
667 4081 797 4143 demum
829 4082 901 4142 loco
931 4080 1081 4157 excerpta
1108 4094 1146 4141 ex
1174 4077 1284 4140 Severi
1316 4077 1511 4140 Antiocheni
1535 4078 1680 4141 homiliis
1701 4079 1897 4158 epithroniis

406 4221 509 4298 agunt
530 4218 569 4281 de
591 4217 717 4296 origine
739 4218 947 4297 quorundam
970 4217 1096 4279 dierum
1126 4216 1285 4279 festorum
1316 4215 1580 4295 ieiuniorumque
1601 4219 1700 4295 atque
1721 4218 1762 4281 de
1783 4234 1897 4281 eorum

409 4356 443 4418 in
465 4355 621 4419 ecclesias
643 4353 851 4417 inductione.

571 4630 680 4710 Beryti
704 4646 815 4693 mense
838 4624 1005 4691 nuvembri
1028 4646 1118 4692 anno
1140 4625 1316 4691 MCMVlll.
