4584 6309
513 1012 559 1075 Ex
579 1011 792 1076 sermonibus
813 1010 1009 1092 epitbroniis
1029 1009 1140 1074 Severi
1164 1009 1374 1073 patriarchae
1395 1006 1589 1072 Antiochiae

578 1442 623 1505 Ex
644 1459 796 1506 sermone
817 1441 996 1536 centesimo
1017 1440 1176 1520 vigesimo
1197 1440 1314 1518 quinto
1335 1439 1377 1503 de
1398 1440 1522 1520 hymno

626 1579 819 1658 doxologico
834 1597 842 1642 :
858 1581 995 1642 sanctus
1017 1577 1116 1655 Deus
1138 1578 1275 1640 sanctus
1295 1575 1390 1639 tortis
1411 1579 1476 1640 etc.

409 1851 484 1914 Non
507 1867 624 1915 omnes
651 1850 809 1914 ecclesiae
836 1850 1094 1914 consuetudines
1114 1867 1200 1930 quae
1221 1851 1263 1914 ad
1286 1866 1350 1913 nos
1381 1813 1669 1929 pervenerunt'ex
1689 1851 1796 1914 tradi·
1892 1901 1896 1909 .

299 1988 453 2051 tionibus
481 1988 672 2068 apostolicis
699 1988 899 2066 derivantur,
930 1987 988 2050 sed
1012 1989 1193 2050 nonnullae
1214 1987 1227 2064 (
1247 1987 1289 2050 ab
1311 1986 1503 2050 hominibus
1523 1988 1536 2065 l
1557 1988 1709 2051 inventae
1740 2005 1798 2068 per

299 2125 590 2206 transmissionem
613 2125 647 2188 in
670 2106 876 2201 universam,
889 2139 975 2202 quae
996 2125 1059 2186 sub
1080 2125 1152 2186 sote
1173 2126 1231 2202 est,
1253 2124 1423 2188 ecclesiam
1445 2124 1632 2188 successive
1652 2126 1797 2190 transie-

302 2265 390 2325 runt.
405 2261 518 2326 Prima
539 2264 588 2326 est
609 2262 813 2325 consuetudo
836 2261 902 2339 illa,
917 2276 984 2340 qua
999 2261 1120 2323 multos
1142 2262 1216 2339 post
1237 2277 1347 2323 annos
1361 2278 1382 2324 a
1395 2261 1640 2340 praedicatione
1660 2279 1798 2341 evange·

304 2399 366 2461 lica
387 2399 504 2462 tideles
534 2399 667 2462 nomine
697 2398 961 2462 Christianorum
993 2397 1149 2476 appellati
1181 2397 1332 2461 fuerunt.
1354 2398 1447 2472 Quae
1475 2399 1653 2478 appellatio
1674 2415 1712 2462 ex
1734 2398 1797 2462 ista

304 2535 586 2599 antiochenorum
618 2536 754 2599 ecclesia
788 2535 956 2600 exordium
980 2535 1081 2614 duxit,
1104 2535 1362 2616 universumque
1392 2536 1469 2598 dein
1491 2538 1620 2600 coetum
1643 2538 1795 2600 sanctum

304 2671 426 2751 ubique
446 2675 608 2736 terrarum
631 2674 800 2752 complexa
822 2676 893 2736 est.

409 2810 448 2873 Et
470 2811 506 2872 ut
527 2811 629 2873 multa
651 2811 862 2889 praeteream,
884 2827 987 2873 unum
1008 2811 1058 2873 vel
1082 2811 1221 2873 alterum
1244 2812 1509 2874 commemorabo
1531 2813 1736 2890 exemplum.

411 2946 481 3009 Hoc
503 2947 592 3026 quod
614 2947 862 3028 Hierosolymae
884 2956 915 3012 et
937 2948 969 3011 in
992 2951 1060 3011 tota
1090 2947 1258 3012 Palestina
1288 2947 1407 3011 testum
1438 2950 1586 3011 solemne
1616 2950 1799 3012 celebratur

307 3097 473 3160 occursus
494 3101 561 3163 quo
584 3101 701 3164 nempe
722 3088 872 3148 recolunt
892 3085 1236 3148 commemorationem
1261 3085 1353 3148 illius
1375 3085 1450 3164 diei,
1472 3103 1539 3165 quo
1569 3085 1703 3148 Simeon
1725 3085 1799 3148 suis

309 3219 492 3298 suscipiens
507 3219 597 3284 ulnis
612 3221 799 3300 Dominum,
815 3224 915 3301 legem
932 3221 1165 3301 adimplentem
1181 3224 1212 3284 et
1226 3221 1414 3286 offerentem
1436 3196 1631 3284 sacrificium
1648 3239 1668 3284 a
1682 3221 1794 3301 Moyse

311 3357 555 3437 praescriptum,
586 3357 762 3439 ipsumque
785 3359 818 3422 in
843 3362 960 3422 natura
992 3376 1178 3439 agnoscens
1207 3359 1312 3422 Deum
1342 3359 1422 3422 dixit
1446 3368 1455 3419 τ
1477 3357 1622 3422 Dimittis
1642 3361 1677 3422 tu
1709 3376 1798 3420 nunc

314 3511 437 3560 servum
460 3499 553 3561 tuum
576 3497 716 3561 Domine
737 3497 825 3561 iuxta
847 3499 981 3560 verbum
1003 3501 1096 3561 tuum
1112 3498 1146 3559 in
1163 3513 1251 3576 pace,
1267 3499 1329 3560 troc
1350 3496 1486 3576 inquam
1508 3495 1628 3559 testum
1650 3497 1798 3558 solemne

312 3633 442 3698 minime
463 3635 557 3714 prius
578 3636 805 3698 celebrabatur
820 3635 852 3698 in
870 3636 950 3698 urbe
972 3635 1069 3714 regia.
1085 3635 1183 3698 Modo
1204 3637 1313 3697 autem
1335 3613 1449 3698 eadem
1472 3633 1673 3712 metropolis
1688 3649 1798 3696 aemu-

311 3769 427 3834 latione
449 3771 593 3850 incitata,
615 3772 776 3836 eiusmodi
800 3791 896 3836 usum
913 3773 954 3836 ab
970 3773 1045 3836 aliis
1066 3775 1141 3852 apte
1164 3775 1346 3835 mutuatum
1370 3774 1482 3835 secuta
1503 3774 1561 3850 est,
1578 3787 1685 3850 neque
1707 3769 1794 3850 quis

312 3905 393 3981 piam
415 3911 590 3998 propterea
610 3913 777 3988 tamquam
800 3911 840 3973 de
863 3927 897 3972 re
919 3927 1005 3973 nova
1027 3909 1162 3973 inducta
1182 3909 1244 3972 luit
1264 3912 1457 3972 accusatus

411 4045 621 4125 Cognoscitis
643 4063 741 4124 porro
763 4047 852 4110 istud
873 4047 992 4110 testum
1015 4047 1162 4126 ignotum
1188 4063 1326 4125 prorsus
1347 4062 1419 4108 esse
1441 4046 1475 4108 in
1498 4045 1560 4108 ista
1581 4045 1709 4107 civitate
1730 4045 1796 4106 dn·

313 4178 464 4246 tiocbiae.
487 4183 555 4244 lmo
577 4200 637 4246 nec
657 4185 751 4248 valde
773 4186 944 4265 antiquum
968 4187 1017 4248 est
1038 4186 1051 4261 (
1072 4185 1105 4247 in
1127 4183 1428 4271 Hierosolymitana
1449 4181 1586 4244 ecclesia
1605 4182 1618 4256 )
1640 4181 1697 4243 sed
1719 4196 1794 4242 sero

315 4312 371 4379 luit
391 4318 623 4398 introductum,
646 4303 733 4384 uti'a
753 4321 834 4384 viris
855 4322 1044 4385 senioribus
1065 4321 1271 4384 audivimus.

417 4593 502 4656 ldem
526 4595 557 4654 et
577 4594 750 4656 dicendum
774 4599 822 4658 est
837 4597 877 4658 de
892 4595 974 4660 testo
990 4597 1078 4676 quod
1095 4597 1214 4659 dicitur
1236 4595 1423 4672 Remorum,
1440 4611 1512 4656 cum
1535 4591 1658 4655 scilicet
1680 4588 1796 4652 Domi·

319 4741 377 4788 nus
397 4735 426 4792 et
447 4729 597 4794 Salvator
621 4733 731 4794 noster
745 4729 842 4792 Jesus
863 4730 1026 4810 Christus
1042 4735 1164 4795 sedens
1185 4749 1286 4810 super
1307 4733 1433 4810 pullum
1456 4731 1580 4806 asinae,
1596 4726 1796 4806 ingredieba-
