4584 6309
1134 689 1172 700 ..
1193 655 1235 718 35
1255 688 1293 699 ..

476 794 620 875 regionis
641 794 763 857 Ioanne
785 794 993 873 metropolita
1007 795 1051 872 (l)
1068 792 1215 858 eiusdem
1238 791 1332 856 urbis
1352 791 1385 855 et
1405 790 1544 871 egregiis
1565 792 1663 870 atque
1684 789 1743 853 Dei
1764 789 1964 852 amatoribus

474 932 562 1012 Cyro
584 933 872 1011 protopresbytero
887 934 918 995 et
932 946 1122 1008 oeconomo
1144 929 1299 992 Simeone
1320 931 1423 992 altero
1445 929 1645 1008 presbytero,
1667 926 1758 990 lanni
1780 927 1966 1006 presbytero

473 1071 504 1130 et
519 1071 702 1148 hegumeno
723 1067 816 1130 aedis
838 1067 944 1131 lconis
965 1067 1167 1144 Dominicae,
1188 1066 1280 1130 launi
1304 1067 1495 1145 presbytero
1510 1067 1542 1128 et
1556 1065 1756 1130 chartulario
1776 1065 1921 1128 eiusdem
1940 1081 1964 1126 s.

474 1203 640 1282 ecclesiae,
655 1203 768 1267 loanni
791 1204 931 1268 diacono
945 1206 976 1267 et
990 1203 1235 1282 archidiacono,
1248 1203 1437 1266 abrahamo
1459 1202 1600 1265 diacono
1615 1203 1647 1264 et
1666 1161 1844 1265 custodes.
1859 1203 1964 1280 supel-

480 1340 597 1404 lectilis
611 1341 656 1418 (2)
678 1341 800 1406 (osma
822 1341 972 1422 praeside
993 1341 1298 1421 hypodiaconorum
1321 1342 1353 1403 et
1374 1340 1513 1414 notario,
1535 1340 1656 1403 loanne
1678 1339 1829 1418 praeside
1857 1355 1963 1417 anag-

477 1480 660 1557 nostorum,
682 1496 741 1542 nec
764 1496 830 1542 non
853 1479 974 1542 Ioanne
997 1477 1149 1557 praeside
1170 1476 1260 1547 chori
1282 1493 1485 1556 graecorum,
1499 1479 1532 1539 et
1545 1475 1683 1540 Niciano
1706 1475 1858 1554 praeside
1876 1476 1964 1544 chori

476 1629 628 1701 syrorum
653 1663 660 1678 .
683 1663 691 1679 .
714 1663 721 1678 .
742 1613 913 1679 Sollicitus
934 1614 996 1678 luit
1017 1616 1048 1678 et
1068 1613 1247 1692 acquisivit
1275 1613 1396 1676 librum
1419 1613 1518 1678 istum
1540 1629 1579 1676 ex
1600 1613 1714 1676 labore
1733 1628 1807 1688 suo,
1828 1610 1966 1690 erogatis

476 1747 630 1826 expensis
651 1748 723 1812 suis
744 1749 950 1828 aliorumque
965 1747 1023 1812 Dei
1039 1750 1224 1812 amatorum
1239 1745 1295 1826 qui
1319 1745 1382 1825 ipsi
1404 1746 1591 1810 subsidium
1614 1745 1856 1825 praestiterunt,
1870 1759 1963 1808 vene-

477 1885 603 1947 randus
637 1884 762 1966 Deique
792 1888 920 1950 amator
953 1886 1123 1966 presbyter
1144 1884 1285 1948 loannes
1318 1881 1411 1947 iilius
1441 1881 1608 1946 Simeonis
1627 1881 1686 1945 tilii
1708 1881 1808 1946 Girsa
1828 1899 1866 1944 ex
1886 1883 1967 1946 Bar·

475 2021 604 2086 iasnaia
635 2023 759 2103 oppido
790 2020 934 2100 regionis
965 2023 1087 2087 tlomS.
1109 2021 1184 2085 Fuit
1214 2023 1323 2084 autem
1358 2019 1548 2098 praedictus
1581 2018 1665 2082 liber
1696 2020 1850 2082 exaratus
1871 2033 1966 2081 uranu

478 2158 658 2236 peccatoris
679 2161 710 2224 et
739 2159 866 2224 minimi
899 2159 1066 2224 Gabrielis
1101 2156 1285 2237 presbyteri
1323 2155 1471 2220 eiusdem
1507 2157 1783 2218 commemoratae
1816 2153 1969 2217 eeclesiae

480 2299 615 2396 sanctae
647 2289 689 2362 ad
719 2298 817 2361 fidem
848 2297 998 2361 codicum
1027 2297 1230 2359 vetustorum
1252 2296 1283 2357 et
1311 2293 1586 2369 authenticorum,
1608 2292 1664 2371 qui
1699 2294 1913 2357 asservantur
1933 2291 1965 2353 in

477 2433 675 2498 bibliotheca
696 2432 803 2512 ipsius
830 2429 996 2512 ecclesiae,
1017 2433 1117 2510 atque
1138 2430 1199 2493 rite
1221 2431 1363 2494 collatus
1384 2432 1433 2493 est
1454 2427 1701 2492 accuratissime
1730 2443 1790 2507 per
1811 2427 1963 2490 humilem

481 2569 739 2636 Constantinum
761 2567 936 2632 diaconum
960 2568 990 2630 et
1004 2568 1176 2630 alumnum
1199 2564 1359 2644 praeclari
1381 2564 1555 2628 sanctitate
1577 2562 1708 2643 Georgii
1730 2561 1967 2642 archiepiscopi

481 2705 574 2769 urbis
596 2707 761 2784 Apameae
782 2705 827 2780 (3)
849 2703 982 2782 Syriae„
1001 2751 1008 2766 .

585 2841 731 2904 lamvero
752 2857 790 2904 ex
813 2839 924 2903 relatis
946 2840 979 2904 in
1003 2840 1063 2902 hac
1084 2838 1262 2918 epigraphe
1283 2837 1444 2919 discimus
1467 2855 1476 2900 :
1567 2879 1569 2884 ,

590 2979 622 3039 1⁰
642 2975 820 3056 Melchitas,
835 2991 894 3038 scu
910 2992 1006 3055 syros
1027 2957 1244 3054 diophysitas,
1259 2973 1415 3037 habuisse
1430 2975 1464 3036 in
1481 2975 1561 3036 urbe
1582 2972 1710 3037 Edessa
1730 2971 1845 3050 primo
1858 2973 1972 3052 quarto

481 3113 603 3178 saeculi
619 3113 725 3178 octavi
739 3112 950 3176 constitutam
974 3111 1143 3176 ecclesiam
1159 3129 1233 3175 cum
1249 3111 1467 3190 metropolita,
1481 3109 1690 3190 presbyteris,
1704 3109 1864 3188 diaconis,
1879 3111 1972 3189 hypo

480 3249 632 3330 diaconis
653 3253 684 3313 et
703 3249 915 3328 anagnostis.
937 3247 1070 3312 Praeter
1090 3247 1260 3312 ecclesiam
1284 3264 1383 3311 unam
1405 3250 1543 3324 tantum,
1565 3249 1600 3309 ut
1621 3245 1750 3308 videtur
1769 3246 1972 3324 occupabant

482 3389 597 3452 aedem
619 3386 726 3452 lconis
757 3384 958 3461 Dominicae,
979 3401 1037 3448 seu
1059 3383 1183 3462 Elligiei
1215 3383 1350 3462 Christi,
1371 3383 1467 3447 cuius
1487 3383 1607 3446 dicitur
1635 3383 1841 3460 hegumenus
1860 3380 1974 3444 tannes

484 3525 673 3604 presbyter.
696 3523 800 3586 Porro
822 3520 1002 3600 Dionysius
1023 3519 1271 3584 Telmahrensis
1284 3522 1329 3597 (4)
1350 3521 1438 3599 apud
1460 3519 1629 3582 Michelem
1652 3518 1871 3597 patriarcham
1894 3517 1975 3580 laco

484 3658 625 3721 bitarum
648 3657 803 3734 (chron.
825 3673 906 3736 cap.
928 3658 966 3720 Xl
990 3675 1030 3720 n.
1058 3659 1125 3734 15)
1147 3660 1260 3721 narrat
1281 3657 1387 3720 virum
1410 3657 1575 3736 quendam
1598 3656 1746 3718 eiusdem
1767 3656 1877 3718 sectae
1898 3655 1974 3716 cele·

491 3843 873 3864 W

522 3973 566 4038 (l)
586 3970 672 4041 Apud
692 3971 731 4027 Le
750 3970 846 4040 Quien
866 3987 917 4030 or.
937 3973 1047 4032 christ.
1069 3973 1098 4030 in
1117 3974 1196 4030 serie
1214 3973 1348 4030 Edessae
1368 3973 1626 4043 metropolitarum
1646 3973 1733 4028 deest
1752 3985 1862 4028 nomen
1889 3969 1973 4027 huius

486 4100 606 4158 loannis
627 4099 836 4170 metropolitae
856 4101 1061 4162 melchiterum
1083 4101 1164 4158 iltius
1183 4101 1283 4158 sedis.

523 4231 567 4295 (2)
587 4227 700 4284 Graece
718 4199 913 4288 Σκευοφύλαξ

522 4351 565 4422 (3)
585 4353 680 4411 Huius
707 4364 827 4426 'quoque
857 4355 979 4429 Georgii
1002 4357 1078 4415 inter
1097 4358 1305 4429 metropolitas
1325 4358 1476 4429 Apameae
1504 4357 1693 4413 desideratur
1710 4372 1819 4413 nornen
1840 4357 1920 4426 apud
1938 4353 1975 4410 Le

486 4482 583 4551 Quien
603 4499 657 4540 or.
677 4483 789 4540 christ.

377 4637 382 4646 ·
487 4601 757 4685 ..turmo
782 4605 918 4686 am»,
941 4605 1066 4692 tesan
1089 4593 1139 4678 οὶ.
1162 4596 1300 4687 tm
1321 4629 1445 4680 „oon
1470 4595 1655 4698 lmese:
1679 4593 1878 4688 mlvii
1897 4617 1940 4680 <o

1204 4736 1385 4821 ild-yeme
1409 4740 1490 4808 &aa
1516 4725 1660 4821 Lusor
1679 4739 1827 4876 crux?
1846 4759 1970 4811 mm
