4584 6309
1124 691 1162 701 ..
1183 658 1205 719 g
1224 690 1262 701 ..

453 800 547 862 nocte
582 796 723 861 exitialis
758 796 897 859 daemon
934 796 1083 857 clamans
1114 797 1145 859 et
1166 812 1244 875 syra
1278 797 1419 873 loquens
1452 810 1532 857 voce
1554 810 1561 856 ;
1584 794 1664 874 quid
1700 796 1838 861 heusta
1868 816 1942 862 cum

451 934 615 999 Marcione
638 950 781 1013 pugnam
803 932 1007 1012 suscepisti?
1028 932 1116 997 Haec
1137 948 1198 1011 ego
1218 931 1329 996 audivi
1352 979 1359 994 .
1381 980 1389 995 .
1412 980 1419 995 .
1441 933 1473 994 et
1493 931 1551 995 illa
1572 932 1746 997 nobiscum
1768 936 1946 1001 audierunt

452 1070 508 1134 alii
531 1088 664 1151 quoque
686 1069 874 1149 domestici„
899 1070 961 1145 (1).

560 1209 600 1271 3.
622 1207 775 1271 Socrates
796 1207 836 1271 de
857 1206 968 1271 studio
989 1223 1056 1286 quo
1078 1206 1145 1268 duo
1167 1204 1313 1284 episcopi
1336 1204 1471 1268 natione
1492 1205 1558 1285 syri
1581 1206 1615 1270 in
1637 1208 1739 1271 artem
1768 1209 1947 1273 oratoriam

455 1344 569 1424 lingua
599 1361 716 1423 graeca
736 1361 810 1407 sese
841 1342 1010 1407 exercendi
1041 1342 1257 1419 conabantur,
1278 1340 1327 1405 sic
1358 1340 1484 1405 refert:
1509 1341 1601 1406 “Duo
1620 1343 1784 1424 episcopsi
1816 1345 1949 1410 natione

457 1482 525 1561 syri
548 1481 662 1543 eodem
694 1482 842 1559 tempore
871 1479 1036 1543 florebant
1067 1478 1266 1543 Severianus
1287 1480 1319 1542 et
1339 1478 1532 1557 Antiochus,
1553 1496 1694 1558 quorum
1717 1480 1773 1545 ille
1793 1483 1949 1547 ecclesiae

458 1597 683 1683 Gabalorum.
706 1666 713 1680 .
737 1616 811 1680 .hic
833 1616 988 1681 ecclesiae
1009 1615 1226 1681 Ptolomaidis
1248 1615 1281 1677 in
1303 1614 1483 1679 Phoenicia
1502 1632 1614 1679 curam
1636 1619 1783 1696 gerebat.
1798 1618 1837 1682 Et
1850 1621 1949 1683 ambo

457 1757 589 1837 quidem
612 1754 818 1833 eloquentiae
839 1770 939 1817 causa
960 1753 1162 1819 celeberrimi
1185 1753 1400 1817 habebantur.
1422 1750 1622 1816 Severianus
1642 1770 1719 1817 vero
1742 1754 1816 1819 licet
1836 1758 1948 1821 admo·

456 1895 534 1957 dum
558 1892 707 1955 eruditus
737 1890 912 1969 videretur,
934 1907 1050 1969 graeca
1070 1892 1179 1953 tamen
1204 1888 1315 1952 minus
1346 1888 1501 1953 distincte
1523 1890 1774 1971 pronunciabat,
1796 1894 1854 1955 sed
1876 1910 1950 1956 cum

454 2046 569 2109 graece
592 2030 790 2108 loqueretur,
805 2044 917 2107 syrum
942 2027 1053 2091 nescio
1074 2027 1154 2107 quid
1177 2026 1211 2089 in
1233 2027 1306 2091 eius
1326 2042 1406 2089 voce
1428 2027 1606 2090 resonabat
1619 2027 1685 2104 (2).
1707 2028 1746 2092 Et
1767 2029 1952 2093 Antiochus

462 2168 594 2248 quidem
617 2183 690 2231 cum
721 2165 812 2245 prior
832 2163 1037 2229 Ptolomaide
1057 2164 1205 2229 venisset
1232 2162 1556 2242 Constantinopolim
1578 2166 1611 2227 et
1633 2164 1666 2227 in
1688 2165 1836 2229 ecclesiis
1858 2166 1952 2229 urbis

460 2306 566 2385 regiae
597 2320 727 2367 summa
766 2319 839 2365 cum
871 2302 1041 2381 diligentia
1074 2300 1268 2382 aliquandiu
1305 2300 1481 2379 docuisset,
1514 2317 1618 2381 eaque
1652 2317 1691 2364 ex
1726 2318 1761 2365 re
1801 2320 1957 2382 magnam

460 2442 526 2507 vim
560 2440 718 2522 pecuniae
748 2438 942 2518 collegisset,
964 2439 1006 2501 ad
1027 2438 1198 2503 ecclesiam
1220 2452 1314 2499 suam
1337 2436 1496 2501 redierat.
1518 2437 1638 2501 Postea
1657 2454 1736 2500 vero
1757 2437 1958 2503 Severianus

461 2578 602 2643 audiens
637 2575 836 2679 ⁸Antiochum
876 2572 1167 2652 Constantinopoli
1210 2573 1373 2652 ingentem
1402 2576 1576 2652 quaestum
1611 2573 1739 2654 fecisse,
1771 2578 1954 2657 exemplum

465 2713 538 2777 eius
573 2712 691 2777 imitari
727 2709 873 2775 studuit.
895 2709 979 2773 Cum
1023 2708 1121 2789 igitur
1155 2707 1211 2771 diu
1247 2726 1283 2773 se
1313 2710 1520 2788 exercuisset,
1557 2711 1744 2791 multasque
1779 2712 1960 2777 conciones

463 2828 700 2927 elucubrasset,¹
721 2846 812 2911 venit
834 2846 905 2925 ipse
919 2844 1253 2924 constantinoplim,.
1275 2844 1461 2919 (Socrates
1482 2847 1509 2908 l.
1529 2845 1579 2924 Vl,
1604 2848 1635 2908 ll
1661 2846 1689 2921 l.

569 2988 606 3049 4.
628 2984 723 3049 Liber
746 2980 988 3061 “Peregrinatio
1009 2982 1051 3045 ad
1068 2982 1140 3051 loca
1161 2983 1293 3059 sancta,
1310 2984 1446 3045 saeculo
1469 2980 1509 3044 lv
1530 2985 1695 3061 exaratus
1717 2984 1765 3047 sic
1780 2986 1821 3048 de
1836 2986 1960 3067 linguis

462 3124 649 3206 vigentibus
683 3122 716 3187 in
738 3120 913 3185 Ierusalem
936 3122 968 3183 et
987 3118 1216 3186 adiacentibus
1245 3118 1379 3199 oppidis
1406 3122 1545 3183 testatur
1565 3120 1609 3195 (3)
1631 3135 1639 3181 :
1661 3120 1843 3197 “Quoniam
1867 3124 1900 3187 in
1922 3142 1962 3188 ea

487 3286 824 3309 ‘ffl--ffl——fl

500 3402 544 3468 (l)
563 3399 644 3459 lbid.
663 3399 729 3456 col.
752 3399 819 3455 1⁴41

500 3512 544 3579 ‹2›
565 3510 595 3567 ln
608 3507 815 3566 vetustissima
832 3506 895 3563 vita
907 3522 938 3563 s.
951 3506 1077 3564 loannis
1097 3504 1308 3579 chrysostomi
1320 3508 1407 3566 cuius
1420 3508 1543 3566 arabica
1561 3509 1661 3566 versio
1675 3510 1802 3568 habetur
1814 3513 1845 3569 in
1857 3512 1962 3570 codice

466 3640 587 3697 nostrae
613 3636 812 3695 bibliothecae
840 3632 950 3705 legitur
968 3636 1004 3692 de
1022 3634 1185 3693 Severiano
1204 3635 1350 3707 episcopo
1378 3633 1513 3693 Gabalae
1531 3634 1603 3692 olim
1623 3636 1723 3695 amico
1742 3635 1961 3726 chrysostomi,

472 3767 579 3825 aetnae
598 3770 787 3839 persecutore
804 3782 812 3825 :
830 3754 925 3857 „fel-a,
941 3758 979 3831 el
995 3771 1066 3877 (j,
1083 3752 1189 3859 *titel
1204 3756 1296 3859 disti.
1312 3754 1412 3858 „filet
1429 3770 1522 3861 „afr
1538 3762 1606 3856 hg
1620 3758 1717 3838 ,aral
1738 3766 1869 3868 &ar
1885 3757 1962 3850 lie,

469 3925 579 4039 rats.
596 3946 677 4003 eae
692 3946 756 4031 ,e-
774 3930 895 4034 altpt
912 3899 1072 4077 {bip
1084 3977 1092 3995 .
1105 3932 1217 4035 eropi
1234 3938 1297 4012 nn
1314 3931 1346 4040 ,j
1362 3964 1463 4007 M
1478 3939 1561 4007 ear
1575 3900 1764 4056 &Chaere
1781 3946 1962 4003 seveeeeee

467 4114 595 4168 conatus
616 4114 663 4169 est
680 4130 748 4172 sese
776 4130 909 4173 exercere
929 4115 958 4172 in
977 4118 1042 4173 arte
1061 4117 1178 4174 dicendi
1206 4120 1361 4175 oratorum
1381 4120 1391 4180 t
1411 4130 1585 4188 graecorum
1608 4122 1635 4191 l,
1654 4121 1743 4189 atque
1770 4110 1908 4185 quamvis
1927 4124 1961 4166 se

470 4238 499 4297 id
519 4242 661 4313 consequi
682 4257 773 4313 posse
792 4246 917 4316 putaret,
931 4244 1127 4301 nihilominus
1146 4246 1259 4303 locutio
1279 4245 1345 4302 eius
1360 4242 1389 4298 in
1412 4258 1520 4313 graeco
1539 4258 1679 4300 sermone
1699 4241 1819 4300 minime
1838 4239 1961 4310 elegans

469 4372 541 4442 erat,
560 4371 613 4427 sed
633 4384 699 4427 curn
720 4371 769 4429 ille
788 4387 893 4444 graece
924 4373 1102 4445 loqueretur,
1123 4373 1254 4430 elocutio
1282 4370 1379 4443 ipsius
1410 4369 1528 4441 syriaca
1557 4369 1749 4440 videbatur,.

504 4539 548 4605 (Sl
568 4538 652 4607 Opus
672 4534 760 4607 istud,
780 4536 934 4605 superstes
955 4534 984 4591 in
1006 4534 1110 4591 mutilo
1133 4533 1220 4590 unico
1241 4530 1344 4589 codice
1363 4529 1511 4599 hrretin0,
1530 4528 1654 4598 scripsit
1674 4528 1785 4586 nobilis
1807 4533 1954 4603 quaedam

468 4670 497 4726 et
516 4668 566 4740 pia
584 4664 707 4723 domina
725 4679 759 4721 ex
778 4662 877 4720 Gallia
903 4664 1067 4720 meridiana
1086 4664 1125 4720 ad
1146 4660 1320 4732 “sorores„
1341 4673 1467 4716 narrans
1486 4660 1657 4730 susceptam
1686 4660 1953 4733 peregrinationem

467 4786 682 4869 perplurimas
701 4792 826 4850 orientis
845 4791 984 4863 regiones
1004 4792 1042 4848 ad
1061 4790 1213 4848 visitanda
1231 4790 1299 4847 loca
1317 4788 1436 4845 sancta.
1456 4787 1487 4844 ln
1508 4785 1604 4858 ipsius
1624 4788 1746 4847 nomine
1764 4790 1952 4862 designando

467 4928 545 4985 haud
565 4924 744 4985 conveniunt
763 4922 888 4981 eruditi.
