4584 6309
975 646 1014 661 ...
1034 616 1071 681 31
1096 648 1135 662 ..

317 764 384 811 non
417 748 582 830 baptizati,
614 750 725 831 potius
755 752 806 817 est
835 753 871 817 ut
901 752 1013 818 denuo
1044 752 1262 834 baptizentur,
1291 768 1393 833 quam
1416 753 1452 819 ut
1480 752 1539 820 tali
1571 756 1662 821 dono
1693 756 1804 825 orbati

314 884 494 950 decedant.
515 885 600 951 Pieri
631 886 719 953 enim
750 886 864 971 nequit
885 888 921 953 nt
941 888 1086 969 Spiritus
1115 888 1174 955 Dei
1206 888 1251 953 sit
1279 888 1466 955 contrarius
1495 890 1632 975 sibiet,
1652 892 1681 958 si
1702 898 1803 961 semel

288 1011 290 1015 ’
313 1022 438 1089 donum
471 1026 674 1106 receperunt,
695 1042 803 1106 neque
832 1022 960 1107 aliquid
990 1024 1120 1090 adversi
1153 1023 1293 1090 intentur
1313 1024 1441 1107 iisdem,
1463 1042 1571 1108 neque
1590 1032 1801 1110 augmentum

311 1160 417 1224 ullum
440 1160 526 1241 ipsis
546 1160 700 1227 adiicitur
720 1162 754 1225 in
775 1162 924 1227 secundo
945 1160 1130 1243 baptismo.

325 1322 331 1329 .
420 1296 457 1363 lll
498 1297 563 1375 Qui
584 1315 606 1363 a
626 1298 777 1363 diaconis
805 1297 939 1363 luerunt
969 1298 1136 1380 baptizati,
1156 1298 1369 1379 perficiantur
1397 1298 1572 1381 signaculo
1601 1300 1801 1383 chrismatis,

310 1452 387 1498 cum
408 1434 445 1499 tit
464 1434 570 1499 oratio
591 1434 649 1499 illa
670 1434 805 1515 propria
823 1434 984 1515 signaculi
1006 1450 1074 1517 quo
1088 1452 1162 1500 mos
1182 1438 1235 1501 ost
1254 1438 1292 1501 ut
1311 1438 1387 1518 post
1407 1436 1624 1519 (susceptum
1640 1444 1651 1512 1
1673 1438 1802 1522 baptis·

314 1588 403 1635 mum
425 1572 612 1653 signentur.
634 1571 804 1636 Diaconos
824 1586 923 1651 porro
938 1570 995 1652 qui
1010 1574 1101 1637 extra
1121 1571 1239 1637 mortis
1258 1572 1441 1653 periculum
1463 1574 1642 1655 baptizavit
1661 1591 1801 1655 poenam

312 1708 404 1773 subit
423 1710 485 1786 (l).

423 1844 463 1908 lv
503 1842 611 1920 Quia
642 1844 836 1923 presbytero
865 1840 998 1907 luerunt
1030 1800 1196 1923 baptisati,
1225 1840 1308 1923 quin
1329 1860 1366 1908 s.
1386 1844 1564 1911 chrismate
1592 1852 1802 1929 ungerentur,

313 1982 527 2064 perficiantur
556 1978 744 2045 chrismatis
772 1978 943 2059 signaculo
972 1994 1047 2043 eum
1068 1979 1107 2044 tit
1135 1979 1243 2045 oratio
1273 1978 1343 2084 illa}
1361 1998 1448 2061 quae
1467 1982 1669 2063 adimpletur
1698 2000 1800 2066 super

312 2118 561 2200 consignandos
581 2116 645 2195 (2).

417 2255 447 2319 V
486 2255 624 2337 Oportet
643 2254 680 2317 ut
699 2252 818 2317 altaria
838 2252 884 2331 (3)
904 2268 991 2333 quae
1010 2269 1032 2316 a
1052 2251 1244 2333 presbytero
1263 2250 1398 2319 luerunt
1418 2256 1527 2335 uncta,
1548 2254 1696 2336 perliciat
1715 2254 1799 2339 epis

311 2550 454 2647 .ia.‚.o
476 2549 582 2632 Lol·
601 2556 691 2635 lm
712 2550 779 2643 la(
796 2584 882 2659 pn
902 2608 913 2629 .
934 2582 1034 2649 „a
1057 2550 1081 2638 1
1103 2550 1140 2651 3(
1157 2560 1232 2658 μ
1250 2544 1334 2649 ,ἐκ
1355 2567 1406 2629 ‘ln
1432 2570 1588 2644 baptismo
1615 2570 1735 2630 illorum
1762 2574 1799 2631 de

308 2700 418 2772 quibus
437 2700 561 2757 dubium
580 2699 733 2757 liabetur.
752 2743 760 2759 .
779 2744 787 2759 .
804 2700 850 2759 sic
868 2702 949 2759 dicat
967 2698 1111 2759 sacerdos
1129 2714 1138 2757 ε
1155 2698 1325 2771 baptizatur
1343 2698 1404 2773 N.,
1422 2696 1450 2757 si
1470 2712 1532 2757 non
1550 2697 1599 2756 est
1615 2698 1796 2771 baptizatus,

310 2828 339 2883 in
359 2826 479 2884 nomine
497 2824 607 2885 Patris
624 2830 654 2883 et
670 2826 738 2885 Filii
758 2830 786 2886 ei
805 2827 937 2901 Spiritus
955 2828 996 2886 S.
1016 2872 1029 2901 ,,
1050 2828 1063 2896 1
1080 2826 1124 2885 V.
1142 2825 1261 2885 Broolts
1288 2828 1340 2885 tlte
1357 2826 1469 2885 selecto
1494 2826 1598 2885 tennes
1615 2824 1650 2884 oi
1665 2824 1796 2885 Suetus

307 2960 336 3015 t.
355 2958 422 3025 2).
440 2956 483 3013 En
500 2970 561 3028 quo
578 2954 680 3013 Severi
706 2958 774 3013 loco
807 2960 932 3028 apparet
951 2957 1110 3029 pristinam
1128 2954 1273 3029 baptismi
1289 2954 1420 3015 tonnam
1439 2952 1585 3013 ecstasim
1602 2953 1796 3013 Ammcmnae

309 3084 494 3143 concordare
511 3098 579 3141 cum
598 3098 635 3141 ea
652 3098 741 3156 quam
760 3084 903 3143 adhibent
922 3084 1012 3143 bodie
1029 3082 1115 3157 Syri.

341 3216 387 3281 (l)
404 3212 509 3271 Exstat
527 3212 558 3269 in
576 3224 703 3269 llollloc.
721 3210 873 3269 Barbebr.
892 3212 919 3269 l.
939 3212 999 3269 cit.
1016 3242 1051 3252 -
1070 3210 1167 3268 Porro
1191 3210 1340 3269 dianonus
1358 3212 1406 3269 est
1423 3209 1562 3269 minister
1585 3210 1798 3269 abaordina·

305 3341 368 3397 rius
389 3338 532 3411 baptismi
559 3337 715 3411 solemnis,
734 3340 767 3395 ut
784 3340 917 3395 ostendit
944 3340 1111 3409 exemplum
1139 3336 1272 3410 Pbilippi
1291 3337 1343 3411 qui
1361 3336 1621 3397 consentientibus
1638 3340 1791 3409 apostolis

305 3470 416 3527 multos
435 3464 590 3525 Samariae
607 3464 691 3522 virm
708 3466 739 3522 et
757 3466 896 3524 mulieres
915 3468 944 3526 et
963 3468 1031 3523 dein
1050 3466 1218 3525 eunuchum
1236 3465 1359 3540 reginae
1375 3462 1528 3523 &nemis
1544 3463 1708 3535 baptizavit
1720 3462 1795 3534 (Cl.

305 3598 380 3653 Act.
398 3598 506 3667 apost.
523 3594 570 3667 vl,
592 3596 602 3651 l
624 3596 658 3661 ).
675 3592 772 3651 Etiam
805 3594 834 3651 in
861 3594 1054 3653 Testamento
1083 3594 1205 3654 Domini
1222 3598 1252 3655 l.
1270 3596 1295 3655 ll
1312 3611 1350 3654 n.
1366 3593 1393 3653 x
1410 3592 1490 3653 adit.
1520 3597 1626 3651 nostra
1643 3606 1723 3665 pag.
1745 3592 1798 3651 loo

305 3726 434 3783 dicitur:
449 3724 590 3781 “absente
607 3722 781 3794 presbytero
795 3726 824 3779 et
837 3724 1015 3781 necessitate
1034 3728 1167 3797 urgente,
1184 3723 1333 3783 diaonm
1349 3722 1516 3797 baptizet..
1533 3720 1600 3779 lton
1618 3716 1795 3793 intelligitur

304 3855 430 3925 proinde
455 3868 508 3909 cur
526 3850 680 3909 sanciatur
696 3854 735 3908 ab
754 3850 930 3909 auctoribus
958 3853 1178 3909 resolutionam
1206 3865 1307 3924 poena
1332 3850 1522 3924 plectendum
1552 3847 1715 3907 diaconum
1743 3847 1795 3921 qui

303 3986 385 4039 extra
415 3982 578 4053 periculum
611 3978 717 4035 mortis
749 3979 932 4049 baptismum
963 3978 1144 4037 contulerit.
1162 3978 1273 4037 Notum
1291 3980 1340 4036 est
1355 3980 1456 4037 autem
1486 3976 1648 4035 diaconum
1678 3974 1793 4033 nullam

304 4113 415 4167 babere
433 4112 611 4181 potestatem
631 4106 771 4178 signandi
791 4122 827 4163 s.
846 4107 1007 4163 chrismate
1026 4104 1233 4178 baptizatum.

339 4242 383 4305 (2)
403 4238 506 4295 Exstat
523 4238 603 4307 apud
623 4234 768 4293 Barhebr.
788 4236 817 4290 in
839 4248 967 4292 nomoc.
987 4236 1015 4292 l.
1032 4250 1068 4293 c.
1086 4232 1141 4292 cl.
1159 4232 1313 4293 Cononem
1331 4234 1371 4293 ts
1385 4248 1461 4307 syn.
1478 4231 1613 4291 uodo.

341 4370 385 4433 (3)
405 4367 443 4423 S.
462 4366 608 4435 Ephraem
635 4365 664 4419 in
693 4364 800 4435 hymn.
819 4365 857 4419 de
874 4362 1047 4434 virginitate
1063 4362 1194 4419 testatur
1220 4362 1318 4419 altare
1346 4362 1519 4435 mundum
1535 4375 1572 4418 s.
1587 4358 1659 4417 oleo
1676 4360 1690 4426 1
1707 4356 1788 4419 vid.

304 4495 382 4552 edit.
402 4496 535 4549 nostram
555 4508 591 4563 p.
614 4494 695 4558 121.
713 4492 790 4549 Fieri
808 4492 906 4547 autem
926 4490 1015 4546 debet
1045 4487 1147 4547 unctio
1166 4502 1221 4561 per
1236 4488 1414 4562 episcopum
1432 4490 1467 4547 ut
1483 4486 1610 4547 litterius
1626 4484 1744 4544 dicum
1760 4484 1792 4545 in

303 4624 433 4681 resoluit.
451 4622 530 4679 Vlll.
550 4622 628 4677 idem
647 4622 762 4677 entitur
778 4634 812 4676 ex
830 4620 990 4675 eorundem
1010 4618 1168 4675 auctorum
1185 4618 1285 4676 adbuc
1311 4616 1425 4675 inedita
1441 4615 1573 4689 epistola
1588 4611 1735 4673 anonim
1751 4614 1792 4672 ad

301 4752 428 4807 abbates
448 4748 571 4806 Ciliciae
591 4750 693 4822 missa,
712 4750 762 4807 ubi
783 4748 925 4805 statuitur
945 4732 1003 4821 ⁸0?
1020 4756 1186 4809 munao
1207 4757 1339 4825 umor
1355 4738 1416 4813 ὦ
1435 4723 1486 4817 Ιὸ
1503 4728 1624 4815 bno
1642 4758 1699 4832 ³⁶²
1718 4720 1791 4815 ΙΙΙ
