4584 6309
1019 730 1057 741 ..
1078 696 1097 759 7
1119 729 1157 741 ..
1239 692 1242 700 ’

347 834 504 915 gestione,
527 832 745 898 nihilominus
776 833 963 897 communis
984 834 1213 915 indigenarum
1245 835 1340 913 plebs
1361 834 1394 897 in
1418 834 1490 914 ipsa
1512 838 1683 917 metropoli
1706 842 1832 921 syriace

348 970 554 1051 loquebatur.
576 970 631 1034 Sic
651 988 689 1032 v.
710 988 748 1049 g.
769 970 914 1033 lacobus
935 970 1123 1035 Edessenus
1143 971 1244 1036 tradit
1263 972 1416 1038 isaacum
1439 972 1583 1036 Edessae
1605 978 1831 1057 presbyterum

346 1126 420 1172 cum
452 1110 516 1171 sub
545 1108 642 1171 Petro
673 1106 811 1169 Fullone
841 1106 1035 1170 Antiochiae
1066 1111 1326 1171 commoraretur
1353 1106 1547 1188 audiretque
1578 1109 1833 1192 disceptationes

346 1244 527 1308 concitatas
548 1244 588 1307 de
609 1242 792 1323 appendice
815 1237 894 1307 illa':
912 1242 987 1323 “qui
1009 1244 1184 1307 crucifixus
1205 1246 1271 1322 est,
1295 1246 1458 1323 extemplo
1479 1260 1543 1308 suo
1564 1247 1729 1311 aramaico
1751 1248 1831 1313 idio-

348 1382 432 1443 mate
453 1396 584 1443 carmen
606 1380 646 1443 de
668 1379 781 1442 eadem
803 1378 984 1459 appendice
1006 1380 1136 1459 publice
1158 1379 1301 1443 edidisse
1322 1380 1386 1456 (1).

452 1517 598 1596 insuper,
640 1513 799 1579 Zacharia
834 1516 963 1579 rhetore
997 1518 1079 1579 teste
1115 1516 1128 1591 (
1156 1515 1278 1579 1.v111
1306 1533 1343 1579 c.
1370 1518 1391 1579 5
1417 1518 1453 1594 ),
1476 1518 1509 1579 in
1547 1517 1622 1597 ipsa
1656 1519 1833 1585 Antiochia

344 1652 578 1717 monasterium
602 1652 770 1732 proprium
793 1650 880 1731 syris
901 1654 1057 1731 exstabat,
1072 1652 1168 1715 cuius
1183 1653 1289 1715 abbas
1309 1652 1404 1716 Cires
1425 1654 1568 1728 nomine,
1590 1672 1663 1718 curn
1687 1658 1832 1721 renuerit

342 1789 523 1853 doctrinam
546 1807 566 1853 a
589 1788 729 1851 concilio
761 1787 923 1851 Chalced.
945 1788 1112 1853 delinitam
1136 1790 1280 1868 profiteri
1316 1808 1392 1869 una,
1414 1806 1487 1853 cum
1510 1791 1682 1855 monachis
1704 1792 1833 1872 Teleda,

343 1927 436 1989 iussu
458 1914 579 1989 tustini
602 1925 817 2004 imperatoris,
839 1926 997 2004 expulsus
1017 1924 1078 1989 luit
1100 1927 1162 2003 (2).

450 2061 488 2123 2.
510 2060 642 2122 Accedit
661 2061 750 2138 quod
767 2062 863 2140 plura
884 2063 1063 2123 occurrunt
1083 2062 1171 2140 apud
1193 2064 1319 2125 veteres
1339 2061 1517 2139 scriptores
1538 2062 1726 2127 testimonia
1747 2082 1833 2143 quae

345 2196 571 2260 demonstrant
593 2196 737 2277 linguam
760 2198 920 2277 syriacam
942 2200 1011 2259 tum
1034 2214 1092 2276 per
1112 2198 1236 2278 oppida
1259 2198 1293 2260 in
1309 2197 1441 2277 regione
1462 2198 1667 2261 Antiochena
1687 2201 1755 2262 lum
1779 2219 1837 2280 per

345 2333 447 2395 totius
467 2332 571 2412 Syriae
593 2334 691 2397 urbes
711 2334 867 2413 vicosque
888 2333 990 2395 luisse
1011 2332 1089 2395 olim
1111 2336 1287 2411 vulgatam,
1302 2334 1507 2412 eandemque
1529 2334 1672 2413 linguam
1695 2337 1834 2414 patriam

343 2470 529 2549 appellant.
551 2470 597 2532 tta
616 2487 655 2533 v.
676 2486 714 2548 g.
735 2470 962 2533 Theodoretus
993 2470 1170 2550 episcopus
1201 2470 1278 2550 Cyri
1300 2471 1334 2532 in
1356 2487 1419 2533 sua
1449 2471 1586 2534 historia
1616 2472 1769 2551 religiosa
1791 2491 1833 2535 n.

344 2605 384 2667 lV
404 2606 561 2670 exhibens
583 2606 807 2685 biographiam
829 2606 961 2701 Eusebii
985 2608 1135 2671 monachi
1158 2607 1204 2670 ait
1227 2606 1340 2670 “Mons
1362 2609 1412 2669 est
1433 2614 1620 2685 praecelsus
1641 2610 1833 2674 Antiochiae

341 2745 427 2807 situs
447 2745 489 2808 ad
510 2744 739 2807 orientem...
761 2745 802 2807 ad
825 2744 931 2823 ipsius
951 2761 1029 2807 vero
1051 2744 1169 2807 excelsi
1192 2744 1315 2807 montis
1336 2744 1464 2807 radices
1485 2748 1577 2807 vicus
1598 2748 1648 2808 est
1670 2747 1833 2809 maximus

340 2884 371 2945 et
392 2883 585 2961 populosus,
614 2899 711 2961 quem
745 2881 872 2943 incolae
894 2882 1000 2960 patria
1029 2898 1108 2944 voce
1129 2882 1282 2943 Teledam
1305 2882 1318 2958 (
1339 2866 1432 2963 ist
1453 2882 1466 2956 i
1489 2855 1663 2945 nominant
1684 2884 1768 2961 (3)».
1791 2885 1830 2948 Et

341 3018 428 3081 ibid.
452 3036 492 3082 n.
515 3019 581 3083 thi
614 3018 781 3081 refert-de
802 3019 994 3081 Macedonio
1026 3019 1227 3095 Critopbago
1257 3017 1347 3095 quod
1381 3016 1503 3095 “prope
1534 3019 1744 3082 Antiochiam
1777 3038 1835 3099 per

340 3173 447 3219 annos
468 3158 508 3219 45
529 3156 750 3217 commoratus
782 3156 831 3215 est
853 3171 991 3217 manens
1013 3155 1046 3217 in
1070 3152 1237 3235 profunda
1257 3169 1407 3229 caverna,
1428 3169 1527 3231 quam
1550 3155 1684 3233 quidam
1710 3155 1831 3233 “guba,

342 3278 516 3377 (bag)
538 3290 832 3383 cognominabant,
856 3290 918 3365 (4).
941 3291 979 3353 Et
1011 3291 1132 3353 invita
1165 3289 1320 3353 Abraami
1351 3289 1408 3368 qui
1441 3290 1566 3353 tructus
1597 3289 1658 3353 luit
1690 3292 1834 3369 regionis

341 3426 508 3506 CyrensiS,
524 3429 559 3489 ut
579 3426 701 3505 scribit,
722 3426 754 3488 et
775 3427 888 3503 postea
908 3426 1014 3489 factus
1035 3429 1084 3490 est
1105 3427 1281 3505 episcopus
1303 3426 1432 3488 Harran
1455 3429 1567 3488 narrat
1583 3425 1829 3504 “imperatorem

342 3563 434 3627 illurn
456 3564 498 3626 ad
520 3580 555 3625 se
577 3562 788 3625 arcessivisse
810 3562 974 3625 desiderio
996 3562 1135 3623 eundem
1158 3561 1290 3624 videndi
1314 3611 1367 3624 ...
1389 3560 1586 3641 Reginarum
1609 3579 1687 3625 vero
1708 3565 1830 3627 chorus

342 3718 461 3762 manus
492 3700 564 3762 eius
585 3702 615 3761 et
635 3716 743 3777 genua
774 3700 1028 3777 prehendentes·
1042 3698 1149 3761 virum
1179 3700 1327 3776 orabant,
1349 3699 1406 3777 qui
1430 3716 1489 3762 nec
1509 3717 1658 3778 graecam
1682 3702 1826 3780 linguam

342 3836 560 3916 intelligebat,
584 3837 647 3912 (5).
669 3836 814 3898 Tandem
838 3853 877 3897 n.
900 3835 964 3897 xxi
1002 3836 1177 3913 postquam
1209 3836 1473 3899 commemorarit
1502 3854 1584 3899 suos
1615 3840 1755 3901 conatus
1786 3841 1827 3901 ad

340 3989 468 4037 errores
489 3972 665 4035 Marcionis
687 3972 917 4050 exstirpandos
938 3988 976 4033 ex
997 3970 1134 4050 Cyrensi
1159 3971 1302 4050 regione,
1323 3972 1436 4035 subdit
1459 3972 1566 4037 “venit
1586 3974 1767 4052 aliquando
1789 3975 1829 4036 de

346 4136 708 4159 ’.ψ-...ἐ

377 4270 420 4335 (l)
440 4266 477 4325 Cf
486 4268 621 4325 :Nostra
640 4270 724 4324 stud.
744 4282 811 4339 syr.
830 4266 940 4323 fas‘cic.
961 4266 970 4322 t
990 4282 1025 4336 p.
1049 4268 1081 4323 13
1099 4269 1128 4323 el
1147 4283 1218 4339 seq.

377 4392 420 4460 (2)
439 4396 524 4465 Apud
545 4396 626 4452 Land
645 4397 756 4452 anecd.
775 4410 843 4466 syr.
862 4396 890 4450 t.
911 4394 945 4449 111
966 4408 1002 4463 p.
1021 4394 1090 4449 245.

382 4526 426 4591 (3)
446 4528 486 4585 P.
506 4527 549 4584 G.
569 4528 646 4583 edil.
665 4525 763 4595 Migne
783 4516 961 4591 t.'LXXXlt,
980 4521 1044 4577 col.
1069 4522 1134 4577 1:339

377 4664 421 4727 (4)
441 4660 521 4715 ibid.
540 4659 603 4714 col.
626 4659 692 4713 1399

376 4792 414 4859 (5)
434 4789 514 4845 ibid.
533 4787 597 4843 col.
620 4787 686 4841 1423
