4584 6309
1137 603 1176 614 ..
1197 569 1238 633 72
1258 601 1296 612 ..

477 711 589 776 forsan
613 711 747 791 propter
768 709 913 788 inopiam
938 708 1067 770 illorum
1092 708 1149 788 qui
1172 725 1292 770 manus
1322 705 1554 786 impositiones
1575 705 1755 783 conterant,
1776 706 1812 767 ut
1837 703 1964 767 scilicet

466 850 659 913 consulatur
680 837 861 910 extensioni
883 844 1051 924 temporis,
1072 844 1169 924 quasi
1191 861 1259 906 non
1281 843 1377 907 aliter
1396 861 1436 906 ac
1456 861 1530 908 cum
1552 843 1679 906 fructus
1702 842 1904 921 colliguntur
1924 842 1961 902 ut

473 985 507 1049 in
522 987 653 1064 tempus
674 986 847 1048 serventur
861 985 901 1062 et,
916 982 1061 1046 instante
1082 981 1285 1060 necessitate,
1299 981 1554 1044 distribuantur.
1576 979 1624 1044 Ne
1645 979 1810 1043 imitemur
1831 978 1963 1042 lacinus

469 1123 611 1187 filiarum
634 1123 724 1197 Loth,
739 1139 813 1185 cum
828 1139 867 1186 ex
880 1119 1048 1184 connubio
1063 1121 1208 1184 obsceno
1222 1121 1254 1183 et
1267 1120 1410 1198 reprobo
1429 1117 1603 1198 genuerint
1622 1117 1719 1196 tilios,
1732 1115 1790 1196 qui
1814 1117 1962 1195 ipsarum

470 1260 641 1324 stultitiam
664 1261 868 1322 revelarunt.
890 1256 1039 1320 Proiecto
1064 1255 1092 1320 si
1115 1255 1192 1318 illae
1211 1258 1308 1334 turpe
1329 1255 1504 1318 consilium
1525 1272 1623 1318 suum
1646 1254 1729 1334 patri
1751 1252 1962 1329 detexissent,

469 1399 565 1460 abeo
580 1413 661 1460 sane
682 1396 875 1458 didicissent
895 1395 1073 1458 Dominum
1095 1396 1275 1457 amatorem
1298 1393 1469 1456 hominum
1484 1411 1557 1456 cum
1575 1394 1733 1456 mundum
1757 1391 1961 1471 perdendum

469 1533 611 1598 decrevit
633 1549 840 1612 nequaquam
862 1531 992 1611 generis
1014 1531 1150 1594 humani
1173 1530 1432 1610 procreationem
1447 1547 1486 1594 ac
1500 1529 1743 1593 successionem
1765 1546 1828 1591 sua
1847 1526 1962 1606 provi·

470 1673 582 1736 dentia
612 1671 812 1750 neglexisse.
835 1669 898 1745 Qui
920 1669 1001 1732 talia
1031 1667 1212 1747 opinantur
1241 1669 1321 1730 sunt
1350 1668 1501 1730 homines
1521 1667 1586 1730 tide
1607 1667 1756 1747 expertes
1775 1667 1808 1728 et
1829 1665 1963 1727 hebetes

470 1808 624 1888 ingenio:
640 1810 691 1872 ast
713 1823 775 1870 nos
790 1808 888 1886 plane
908 1805 1074 1869 credimus
1095 1804 1273 1868 Dominum
1297 1805 1487 1867 nullatenus
1508 1804 1713 1867 deserturum
1735 1819 1833 1866 suum
1856 1818 1960 1881 popu·

468 1945 536 2008 lum
559 1961 666 2024 neque
687 1944 918 2008 haereditatem
940 1961 1034 2008 suam
1057 1941 1299 2020 derelicturum,
1320 1942 1528 2021 eundemque
1547 1941 1737 2005 adiuturum
1759 1940 1843 2018 suis,
1864 1939 1962 2001 iuxta

468 2098 581 2146 verum
610 2098 706 2144 suum
739 2081 951 2161 promissum,
973 2079 1140 2160 usquead
1163 2078 1481 2143 consummationem
1515 2079 1629 2144 mundi
1652 2081 1684 2142 et
1702 2079 1964 2158 gubernaturum

469 2235 564 2281 suam
586 2219 756 2282 ecclesiam
778 2221 878 2298 atque
899 2220 1129 2282 servaturum.

575 2353 815 2434 Multiplicandi
838 2355 949 2434 itaque
970 2370 1038 2416 non
1060 2355 1139 2416 sunt
1160 2353 1347 2433 ordinandi,
1362 2353 1421 2416 sed
1441 2355 1490 2416 tot
1510 2353 1578 2416 sint
1596 2354 1725 2416 tantum
1747 2352 1828 2431 quot
1849 2365 1965 2429 expos·

468 2493 551 2556 tulat
566 2491 766 2556 necessitas,
787 2491 926 2570 Nenque
949 2493 1047 2554 talem
1071 2492 1229 2553 honorem
1250 2491 1437 2554 tribuamus
1451 2489 1518 2554 illis
1532 2505 1620 2569 quos
1632 2505 1779 2552 canones
1800 2486 1962 2562 reiiciunt„

471 2645 578 2708 neque
593 2629 791 2709 recipiamus
806 2627 871 2691 iam
886 2628 1011 2690 dudum
1034 2625 1248 2689 intromissos
1262 2625 1295 2688 in
1317 2627 1441 2691 clerum
1457 2629 1492 2690 ut
1505 2626 1755 2707 quomodolibet
1775 2622 1962 2688 ministerio

468 2763 656 2843 iungantur,
678 2763 828 2842 bigamos
849 2763 983 2843 inquam
1006 2773 1063 2826 aut
1083 2763 1275 2826 interdictos
1288 2765 1339 2826 vel
1354 2764 1440 2826 alios
1460 2765 1549 2828 hisce
1570 2763 1706 2843 similes,
1722 2779 1763 2826 ne
1777 2763 1962 2826 exterorum

468 2900 648 2963 elliciamur
669 2898 846 2979 participes
866 2901 1084 2978 peccatorum,
1099 2901 1158 2963 sed
1174 2916 1297 2964 morem
1318 2915 1473 2979 geramus
1491 2901 1654 2980 apostolo,
1669 2899 1726 2980 qui
1742 2914 1856 2962 severe
1875 2899 1962 2960 tales

472 3035 645 3116 exstirpat.
668 3035 782 3114 Neque
802 3035 949 3100 animum
965 3037 1176 3100 attendamus
1189 3037 1232 3099 ad
1246 3039 1441 3115 argumenta
1454 3037 1565 3115 turpia
1578 3039 1629 3099 vel
1645 3037 1688 3100 ad
1702 3035 1961 3098 consuetudines

472 3187 600 3251 pravas,
616 3171 674 3234 sed
690 3173 818 3234 nosmet
832 3171 907 3245 aliis
921 3172 1133 3236 exhibeamus
1148 3175 1331 3251 exemplum
1347 3175 1416 3236 tum
1432 3173 1517 3236 vitae
1532 3173 1760 3237 immaculatae
1774 3174 1844 3235 tum
1861 3172 1960 3237 etiam

473 3306 577 3369 rectae
600 3307 631 3368 et
646 3305 718 3384 piae
740 3307 879 3370 rationis
899 3308 1028 3386 agendi,
1048 3309 1085 3370 ut
1105 3306 1269 3371 Dominus
1291 3310 1403 3372 noster
1425 3308 1524 3372 nobis
1546 3309 1696 3388 placatus
1716 3325 1773 3372 cor
1795 3292 1961 3371 illuminet

472 3442 561 3506 mitis
588 3444 620 3506 et
646 3441 781 3506 victoris
812 3442 916 3505 nostri
938 3443 1161 3522 'imperatoris
1181 3445 1235 3522 (l),
1258 3461 1399 3523 eumque
1429 3445 1566 3508 inducat
1593 3447 1629 3508 ut
1658 3445 1817 3510 radicitus
1844 3444 1963 3508 evellat

472 3580 629 3643 scandala
651 3580 715 3643 ista
735 3595 821 3658 quae
842 3594 964 3658 corpus
985 3581 1141 3644 ecclesiae
1171 3582 1340 3660 scindunt,
1362 3583 1574 3662 membraque
1594 3585 1636 3646 ad
1657 3587 1790 3662 tempus
1809 3585 1962 3662 separata

473 3717 652 3794 coniungat
679 3715 713 3777 in
743 3731 846 3779 unum
874 3731 933 3794 per
963 3717 1132 3782 doctrinas
1164 3735 1275 3798 puras,
1308 3719 1508 3798 apostolicas
1529 3722 1560 3782 et
1580 3720 1623 3782 ab
1650 3720 1741 3782 omni
1772 3715 1961 3782 heterodoxi

472 3867 582 3914 errore
615 3851 779 3914 immunes
788 3868 796 3928 ;
820 3851 1026 3931 eundemque
1058 3853 1177 3933 dirigat
1197 3871 1331 3934 quoque
1352 3855 1394 3918 ad
1416 3856 1638 3934 respuendam
1669 3855 1964 3934 damnandamque

471 3989 582 4051 verbis
611 3989 734 4068 apertis
764 3987 962 4068 impietatem
994 3990 1168 4071 Theodori,
1200 3993 1275 4057 lbae
1305 3993 1514 4074 aliorumque
1546 3994 1783 4059 haereticorum
1813 3995 1871 4074 qui
1895 3994 1961 4058 illis

473 4125 598 4190 similes
619 4129 718 4191 sunt.

599 4399 805 4480 Subscriptio
827 4399 935 4462 :Vale
957 4399 991 4463 in
1013 4401 1156 4465 Domino
1178 4405 1210 4466 et
1230 4420 1290 4466 ora
1310 4420 1370 4481 pro
1391 4404 1501 4483 fratre,
1523 4421 1543 4467 0
1565 4405 1668 4469 Deum
1690 4424 1826 4472 amans

468 4567 817 4585 ——Q———fl

508 4713 553 4780 (l)
573 4711 686 4770 hlludit
704 4715 741 4771 ad
763 4714 957 4804 Iustinianum
978 4717 1164 4776 defensorem
1183 4719 1253 4776 fidei
1272 4721 1475 4780 orthodoxae.
