4584 6309
998 600 1036 611 ..
1057 569 1098 630 45
1119 600 1157 611 ..

331 700 491 764 interesse
521 702 596 765 aliis
625 702 756 767 duobus
787 704 886 766 annis
907 705 1032 783 integro
1064 704 1173 769 officio
1194 704 1355 768 matutino
1377 707 1408 767 et
1428 704 1615 783 vespertino
1637 706 1668 768 et
1689 705 1820 768 lectioni

327 828 572 925 Scripturarum
596 836 626 895 et
648 833 830 899 ministerio
853 834 1099 913 mysteriorum.
1121 836 1160 898 Et
1182 839 1256 926 ppst
1277 837 1490 915 adimpletum
1514 838 1576 899 hoc
1597 837 1696 898 modo
1716 836 1821 897 totum

327 956 391 1018 hoc
411 958 542 1037 tempus
564 961 663 1040 digna
685 963 792 1027 evadit
813 980 982 1026 sacrorum
1000 965 1228 1044 mysteriorum
1252 965 1513 1045 participatione,
1528 966 1613 1029 sicut
1634 968 1751 1047 reliqui
1767 973 1824 1035 alii
1938 1049 1940 1054 ¹

322 1084 458 1147 fideles.
480 1086 617 1165 Oportet
638 1094 746 1155 autem
770 1095 805 1156 ut
826 1092 882 1155 din
906 1097 1071 1173 noctuque
1092 1095 1133 1157 ad
1157 1095 1260 1158 Deum
1283 1097 1440 1157 exclamet
1461 1098 1498 1158 ut
1518 1094 1584 1157 sibi
1607 1114 1705 1161 suum
1729 1117 1820 1178 prae·

323 1211 451 1274 dictum
484 1222 650 1293 peccatum
684 1221 882 1285 dimittatur.
906 1222 1003 1297 Quod
1032 1223 1059 1285 si
1093 1222 1156 1301 ipsi
1189 1224 1323 1302 quidam
1355 1224 1494 1286 morbus
1526 1227 1725 1304 supervenit,
1756 1245 1823 1306 quo
1895 1270 1899 1306 .-

327 1340 488 1405 moritura
510 1344 561 1421 sit,
583 1351 760 1428 antequam
793 1354 954 1432 expletum
977 1350 1075 1414 luerit
1095 1354 1227 1431 tempus
1258 1354 1347 1432 quod
1370 1353 1590 1431 delinivimus
1622 1354 1824 1420 confortetur

329 1471 499 1548 tamquam
523 1480 705 1541 commeatu
728 1482 916 1561 sumptione
937 1474 1171 1543 vivificantium
1195 1483 1436 1561 mysteriorum,
1458 1486 1494 1545 ut
1514 1500 1587 1544 cum
1612 1499 1650 1544 ex
1672 1485 1733 1545 hoc
1754 1500 1823 1547 sae·

324 1600 405 1661 culo
427 1598 470 1661 iis
492 1606 618 1672 munita
649 1613 843 1703 egrediatur,
866 1612 965 1689 digna
987 1610 1045 1673 liat
1067 1612 1278 1675 miseratione
1300 1612 1334 1673 in
1357 1614 1489 1675 saeculo
1518 1610 1649 1673 futuro,
1671 1611 1768 1686 Quod
1791 1611 1821 1673 si

325 1750 368 1795 ex
391 1752 429 1798 eo
447 1742 562 1803 morbo
577 1742 633 1821 qui
665 1742 796 1805 lethalis
818 1742 1003 1820 putabatur,
1025 1740 1125 1803 vitam
1149 1741 1247 1820 liujus
1269 1742 1383 1805 mundi
1406 1740 1552 1817 resumit,
1568 1741 1719 1803 absolvat
1734 1740 1823 1801 iuxta

196 1912 198 1917 -
321 1873 476 1951 exposita
498 1872 660 1951 reliquum
682 1870 841 1950 temporis
863 1872 951 1949 quod
974 1886 1011 1931 ex
1033 1870 1129 1933 dictis
1151 1871 1262 1933 decem
1284 1870 1384 1932 annis
1405 1871 1572 1932 remanet.

437 2010 540 2072 Porro
577 2013 638 2071 lroc
673 2008 843 2071 sciendum
880 2013 929 2073 est
964 2009 1116 2088 quamvis
1156 2026 1175 2070 a
1213 1999 1348 2087 Synodo
1369 2009 1500 2086 tempus
1534 2006 1596 2068 luit
1631 2006 1815 2085 delinitum,

313 2147 551 2227 nibilominus
583 2146 615 2209 in
650 2150 809 2225 potestate
845 2164 918 2209 esse
950 2147 1095 2226 episcopi
1126 2146 1317 2225 poenitenti,
1339 2162 1435 2225 quem
1472 2144 1590 2207 viderit
1624 2144 1816 2206 cilicientem

324 2285 456 2346 tructus
477 2300 573 2345 verae
595 2284 824 2361 poenitentiae.
847 2284 928 2345 illud
951 2286 1153 2359 contrahere;
1170 2283 1243 2345 etsi
1260 2285 1407 2344 econtra
1428 2280 1672 2359 impoenitente
1695 2280 1821 2359 aliquid

330 2416 547 2496 negligentiae
583 2418 833 2494 deprehenderit
854 2436 873 2481 a
895 2418 1023 2497 synodo
1055 2417 1227 2481 delinitum
1262 2420 1394 2495 tempus
1416 2416 1534 2495 poterit
1568 2414 1726 2493 ampliare
1755 2431 1814 2476 seu

332 2557 534 2633 protrahere.
556 2555 722 2631 Quoniam
745 2572 822 2617 vero
843 2556 1030 2634 accepimus
1053 2555 1221 2617 mulierem
1245 2554 1443 2632 praedictam
1466 2556 1613 2631 tempore
1634 2551 1685 2613 sui
1701 2552 1818 2629 lapsus

326 2694 564 2770 praegnantem
588 2694 743 2769 evasisse,
765 2693 819 2755 ille
842 2695 956 2771 partus
978 2695 1115 2755 naturae
1137 2692 1206 2755 sive
1227 2691 1318 2753 tillus
1339 2691 1400 2753 erit
1421 2690 1490 2752 sive
1511 2688 1590 2766 lilia,
1612 2689 1701 2751 iuxta
1722 2705 1811 2750 con-

326 2830 536 2892 suetudinem
561 2830 622 2891 loci
646 2830 766 2908 dignus
788 2830 948 2892 habeatur
968 2846 994 2892 s
1011 2830 1207 2907 baptismate
1230 2845 1296 2891 non
1319 2846 1414 2891 secus
1436 2845 1474 2891 ac
1495 2827 1592 2890 ceteri
1616 2826 1757 2906 parvuli.

436 2966 488 3038 Eu¹
503 2966 702 3045 supradictis
722 2970 830 3029 autem
854 2966 1062 3029 orationibus
1083 2966 1261 3029 recitandis
1277 2982 1337 3043 pro
1352 2964 1564 3027 audientibus
1579 2963 1610 3023 et
1626 2976 1685 3039 pro
1708 2959 1820 3038 poeni·

328 3103 477 3165 tentibus
499 3106 535 3166 ut
555 3103 769 3181 dimittantur,
786 3103 842 3165 illa
864 3121 947 3181 quae
969 3120 1069 3181 super
1090 3104 1262 3165 audientes
1283 3102 1354 3164 lieri
1376 3102 1584 3179 debet,quum
1601 3097 1819 3170 dimittuntur,

326 3234 404 3309 post
426 3231 584 3309 evangelii
619 3232 790 3294 lectionem
814 3236 844 3295 et
865 3234 941 3295 ante
978 3232 1195 3295 ministerium
1226 3234 1415 3294 sanctorum
1446 3228 1687 3309 mysteriorum,
1709 3225 1758 3286 sic
1780 3241 1817 3286 se

325 3368 426 3429 habet
447 3386 456 3429 :

839 3634 954 3697 Oratio
975 3652 1076 3713 super
1098 3634 1271 3697 audientes
1292 3651 1300 3694 ι

432 3892 531 3971 DeuS,
555 3892 610 3971 qui
634 3896 767 3971 propter
799 3894 959 3955 excelsam
981 3894 1070 3954 tuam
1094 3893 1283 3970 bonitatem,
1317 3893 1546 3961 miserationes
1575 3900 1651 3961 tuas
1680 3902 1813 3979 copiose

319 4022 480 4102 elargiriS,
502 4022 605 4100 dirige
627 4021 766 4083 Domine
796 4022 968 4085 audientes
990 4023 1051 4083 hos
1080 4021 1222 4084 famulos
1242 4025 1319 4084 tuos
1339 4024 1381 4085 ad
1404 4023 1561 4087 iustitiam
1593 4034 1692 4106 tuam;
1714 4034 1813 4110 atque

318 4152 463 4215 concede
484 4149 550 4211 illis
572 4149 755 4211 animarum
778 4152 927 4227 salutem,
950 4154 1157 4228 peccatorum
1180 4151 1419 4230 remissionem,
1441 4156 1472 4215 et
1495 4153 1723 4219 indumentum
1747 4160 1812 4222 ius·

316 4278 409 4341 tiliae
431 4282 462 4341 et
483 4277 801 4356 incorruptibilitatis
833 4294 891 4357 per
912 4278 1089 4341 Dominum
1123 4281 1272 4341 nostrum
1303 4280 1414 4342 lesum
1438 4281 1616 4361 Christum,
1647 4303 1720 4347 cum
1744 4305 1811 4366 quo

317 4407 378 4469 tibi
402 4407 445 4469 sit
467 4408 561 4469 lauS.

426 4542 542 4606 Oratio
563 4560 641 4606 vero
663 4560 748 4623 quae
770 4544 805 4605 nt
827 4562 927 4623 super
949 4545 1145 4624 poenitentes
1168 4547 1351 4609 secundum
1376 4547 1472 4611 ritum
1496 4549 1529 4611 in
1553 4551 1690 4613 ecclesia
1710 4554 1809 4616 tradi·

315 4672 388 4733 tum
411 4674 459 4733 est
481 4673 583 4734 haec:
