4584 6309
1171 688 1209 704 ..
1229 660 1271 722 50
1295 690 1334 703 ..

500 800 688 879 sanctificet,
709 801 740 863 et
762 798 920 877 populum
943 798 1051 877 regat.
1074 796 1147 860 Non
1171 797 1270 860 habet
1289 798 1398 860 autem
1421 796 1615 875 potestatem
1639 794 1781 857 faciendi
1802 794 1983 873 diaconum,

499 940 557 1003 aut
572 936 848 1017 hypodiaconum,
867 936 924 997 aut
945 936 1097 997 lectorem
1120 936 1178 996 aut
1197 932 1391 996 exorcistam
1414 951 1422 995 :
1445 949 1512 995 non
1535 934 1622 996 enim
1640 933 1669 996 ei
1685 933 1743 995 illa
1764 934 1908 1011 potestas
1926 931 1983 994 fuit

499 1076 619 1138 collata
641 1088 699 1151 per
719 1070 901 1134 orationem
934 1072 1181 1150 presbyteratus
1211 1085 1309 1148 quem
1332 1069 1499 1149 suscepit.
1521 1069 1623 1144 Quod
1646 1086 1747 1149 porro
1769 1086 1838 1131 non
1860 1067 1984 1147 recepit,

502 1210 616 1290 nequit
635 1208 711 1271 aliis
732 1209 829 1271 dare.
852 1207 1078 1279 Sacerdotium
1099 1208 1227 1269 tantum
1251 1204 1314 1285 ipsi
1336 1203 1399 1268 fuit
1418 1220 1637 1271 concessum.

607 1342 817 1406 3Diaconus
845 1356 924 1405 vero
954 1344 1043 1405 tenet
1074 1341 1182 1403 locum
1215 1340 1348 1403 levitae.
1370 1340 1594 1415 Quamobrem
1625 1338 1721 1403 sicuti
1753 1339 1841 1403 haud
1872 1338 1984 1401 licebat

501 1480 618 1543 levitae
648 1478 764 1542 offerre
785 1478 992 1557 sacrificium,
1014 1478 1072 1541 sed
1094 1477 1199 1539 eidem
1221 1476 1365 1550 officium
1386 1478 1617 1540 tantummodo
1639 1478 1850 1541 incumbebat
1872 1475 1980 1537 minis·

503 1616 624 1694 trandi,
644 1615 795 1679 videlicet
825 1614 993 1693 iugulandi
1016 1614 1138 1677 animal
1162 1614 1252 1693 quod
1283 1612 1489 1690 offerebatur,
1511 1612 1594 1675 illud
1616 1612 1758 1692 lavandi,
1779 1610 1985 1691 disponendi,

502 1755 534 1815 et
556 1750 690 1815 nonnisi
721 1750 878 1815 sacerdos
907 1750 1093 1814 sacrficium
1124 1750 1290 1826 offerebat,
1312 1749 1358 1812 ita
1384 1749 1548 1812 diaconus
1580 1724 1774 1829 potestatem
1796 1764 1864 1812 non
1896 1750 1988 1811 habet

502 1890 702 1954 oblationem
734 1887 904 1963 offerendi,
926 1904 1034 1967 neque
1063 1886 1280 1951 consecrandi
1312 1902 1434 1965 aquam
1456 1886 1469 1958 l
1491 1886 1772 1965 baptismalem),
1794 1888 1851 1949 aut
1871 1887 1987 1961 oleum,

503 2042 609 2107 neque
631 2026 734 2089 ullum
755 2022 895 2087 faciendi
917 2040 1004 2103 opus
1025 2023 1211 2101 sacerdotii,
1232 2033 1340 2101 neque
1359 2024 1528 2102 tamquam
1551 2039 1686 2102 praeses
1706 2022 1889 2087 orationem
1911 2023 1988 2085 cele·

501 2163 620 2262 ¹brandi
644 2162 677 2225 in
698 2162 871 2238 conventu,
904 2160 982 2223 dum
1010 2160 1104 2223 adest
1136 2161 1323 2239 presbyter.
1346 2160 1491 2223 Absente
1519 2176 1598 2223 vero
1620 2161 1822 2239 presbytero
1843 2176 1988 2223 canones

500 2301 651 2367 statuunt
671 2299 706 2361 ut
727 2296 888 2361 diaconus
917 2300 996 2361 tunc
1027 2300 1098 2360 oret
1118 2304 1245 2363 secreto
1266 2300 1300 2361 in
1322 2271 1512 2376 semetipso
1533 2298 1574 2375 et,
1595 2298 1754 2359 absoluta
1774 2297 1933 2373 oratione,
1954 2300 1986 2358 ut

501 2436 588 2502 dicat
609 2454 616 2502 :
638 2454 744 2515 amen,
767 2436 894 2513 etpost
925 2434 1043 2513 ipsum,
1066 2434 1245 2499 universus
1275 2436 1390 2499 coetus
1418 2450 1552 2513 quoque
1581 2435 1735 2511 repetat:
1756 2448 1873 2495 amen.
1894 2433 1989 2497 Hunc

501 2574 650 2637 ordinem
673 2574 780 2635 servet
801 2572 870 2633 sive
892 2570 925 2631 in
948 2570 1094 2649 ecclesia,
1116 2571 1186 2633 sive
1207 2572 1241 2633 in
1264 2572 1412 2651 quolibet
1432 2571 1500 2633 alio
1523 2572 1617 2633 loco,

609 2710 708 2771 Nulla
728 2710 778 2771 est
799 2707 939 2769 diacono
960 2705 1100 2770 facultas
1122 2707 1348 2786 interdicendi,
1369 2725 1408 2771 ex
1429 2724 1469 2770 eo
1490 2708 1579 2786 quod
1602 2707 1738 2770 minime
1768 2705 1984 2777 sacerdotium

509 2848 616 2925 habet,
639 2846 697 2907 sed
720 2846 769 2907 est
790 2844 895 2921 levita,
916 2844 1194 2921 quemadmodum
1217 2862 1320 2924 supra
1342 2846 1546 2908 notavimus.
1568 2845 1636 2907 lmo
1657 2845 1765 2924 ipsum
1788 2846 1922 2907 schema
1942 2861 1991 2906 cx.

500 2982 605 3045 terius
626 2982 716 3061 quod
738 2982 768 3043 is
790 2979 967 3061 praesefert
989 2981 1067 3043 dum
1088 2983 1183 3043 vacat
1213 2980 1396 3045 ministerio
1417 2998 1489 3061 suo,
1516 2982 1651 3061 gerendi
1672 2981 1825 3044 videlicet
1845 2980 1987 3043 orarium

499 3119 689 3197 impositum
713 3118 850 3179 humero
871 3106 1006 3179 sinistro
1028 3116 1081 3194 (l),
1103 3117 1267 3197 significat
1287 3119 1427 3181 eundem
1450 3135 1589 3197 prorsus
1610 3136 1683 3181 esse
1705 3117 1917 3180 ministrum.

606 3256 652 3318 lta
673 3253 770 3332 igitur
791 3271 811 3316 a
832 3254 965 3317 Christo
986 3252 1128 3316 Domino
1152 3256 1275 3332 nostro,
1296 3256 1354 3334 qui
1376 3257 1428 3318 est
1449 3255 1603 3335 princeps
1617 3257 1648 3317 et
1670 3254 1824 3335 magister
1844 3270 1991 3317 summo·

501 3412 572 3457 rum
589 3392 780 3473 pontificum
796 3392 827 3453 et
841 3392 1058 3468 sacerdotum,
1081 3392 1264 3470 reperimus
1278 3392 1417 3455 traditos
1438 3394 1579 3455 cunctos
1590 3392 1715 3470 gradus
1737 3390 1985 3468 ecclesiasticus,

499 3532 556 3612 qui
579 3532 613 3593 in
629 3548 667 3593 eo
689 3528 807 3592 inclusi
830 3532 931 3606 erant,
947 3530 979 3591 et
993 3529 1035 3590 ab
1057 3528 1131 3607 ipso
1152 3532 1344 3608 receperunt
1364 3530 1583 3592 sacerdotium
1605 3532 1637 3593 et
1657 3529 1876 3592 ministerium
1892 3545 1990 3607 apos·

499 3668 557 3733 toli
580 3670 622 3731 ad
644 3668 732 3747 quod
763 3665 897 3728 fuerunt
918 3664 1015 3727 iidem
1047 3666 1138 3729 electi
1160 3683 1200 3729 ac
1231 3666 1395 3746 destinati,
1418 3682 1478 3729 nec
1508 3682 1576 3729 non
1598 3669 1629 3729 et
1651 3667 1769 3729 beatus
1797 3666 1985 3745 Stephanus

502 3997 600 4069 signis
619 3998 734 4054 cruciS.
754 3998 919 4055 Adhibetur
937 4001 1035 4056 autem
1066 4000 1137 4057 illud
1157 4002 1256 4058 oleum
1277 4003 1315 4057 ad
1335 4004 1492 4073 ungendos
1519 4001 1711 4073 baptizatos„
1731 4001 1805 4058 Vid.
1824 4002 1901 4058 cod.
1920 4017 1989 4073 syr.

501 4128 604 4186 Vatic.
626 4128 647 4184 ll
667 4127 694 4184 f.
713 4130 748 4185 36

538 4221 582 4285 (1)
603 4220 680 4275 lnter
697 4232 789 4289 opera
816 4218 919 4289 spuria
939 4234 1014 4289 quae
1033 4223 1089 4275 sub
1111 4220 1230 4277 nomine
1249 4237 1282 4278 S.
1301 4220 1426 4277 loannis
1457 4219 1571 4292 Chrys.
1591 4220 1842 4277 circumferuntur
1868 4220 1991 4277 homilia

502 4349 600 4403 exstat
637 4346 666 4402 in
687 4320 860 4417 parabolam
890 4347 926 4402 de
945 4346 1006 4402 filio
1036 4347 1173 4418 prodigo,
1194 4348 1224 4404 in
1243 4364 1302 4420 qua
1321 4352 1358 4405 de
1382 4350 1483 4405 orario
1512 4348 1631 4404 diaconi
1660 4347 1705 4403 sic
1725 4348 1833 4419 legitur
1853 4347 1993 4405 “Ministri

503 4472 580 4529 sacri
600 4472 700 4545 officii,
721 4474 872 4531 imitantes
891 4474 1065 4545 angelorum
1079 4474 1145 4529 alas
1159 4474 1298 4532 tenuibus
1317 4476 1383 4532 suis
1402 4476 1491 4532 lineis
1510 4477 1593 4545 velis,
1614 4491 1689 4547 quae
1708 4476 1841 4532 sinistris
1861 4476 1993 4533 humeris

503 4591 641 4663 insident,
662 4592 690 4649 in
710 4594 836 4651 ecclesia
856 4592 1026 4648 discurrunt
1051 4592 1266 4663 clamantque:
1287 4610 1322 4650 ne
1342 4595 1409 4666 quis
1429 4610 1464 4650 ex
1482 4596 1712 4669 catechumenis,
1732 4598 1857 4669 nequis
1877 4612 1993 4663 eorum,

503 4720 553 4791 qui
574 4736 634 4779 non
652 4722 758 4793 edunt„
780 4724 841 4779 etc.
861 4720 945 4777 Edit.
965 4719 1061 4789 Migne
1081 4735 1114 4777 s,
1132 4720 1226 4777 loan.
1247 4720 1363 4792 ChryS.
1381 4723 1426 4779 T.
1446 4722 1506 4779 vlll
1526 4725 1591 4782 col.
1609 4728 1665 4782 520
