4584 6309
1097 636 1100 641 ’
1151 702 1189 717 -
1216 671 1258 735 52
1285 704 1324 716 -

490 825 547 871 sae
579 807 621 871 ab
654 806 811 886 episcopo
842 807 1057 871 instituantur
1085 810 1346 887 perorationem
1376 808 1584 871 coniunctam
1618 804 1820 887 impositioni
1853 820 1980 880 manus,

489 945 692 1021 eaedemque
732 942 887 1007 dicuntur
915 944 1090 1024 praecipue
1124 946 1308 1009 destinatae
1334 949 1411 1008 tum·
1441 943 1626 1008 ministerio
1647 942 1791 1022 ungendi
1827 940 1980 1004 mulieres

490 1082 745 1143 catechumenas
777 1080 934 1160 ipsasque
965 1082 1258 1163 adpropinquandi
1293 1084 1335 1147 ad
1372 1098 1506 1145 manum
1542 1081 1723 1161 presbyteri
1759 1080 1817 1160 qui
1852 1080 1980 1142 easdem

489 1216 717 1295 baptizaturus
738 1218 795 1293 est,
816 1220 885 1279 tum
907 1220 1054 1298 tempore
1076 1236 1110 1283 s.
1132 1220 1312 1284 oblationis
1333 1219 1568 1300 praescribitur
1589 1222 1624 1282 ut
1645 1218 1854 1281 diaconissae
1874 1218 1981 1279 custo-

490 1352 582 1415 diant
603 1352 725 1415 ostium
749 1354 839 1417 illius
861 1356 965 1433 partis
986 1358 1152 1436 ecclesiae,
1172 1375 1273 1438 quarn
1294 1358 1458 1437 occupant
1479 1357 1643 1435 mulieres
1665 1372 1725 1418 nec
1746 1372 1815 1417 non
1837 1356 1873 1417 ui
1893 1352 1977 1415 cobi-

492 1489 590 1552 beant
619 1490 871 1553 catechumenas
906 1493 948 1554 ab
984 1492 1202 1573 inspiciendis
1241 1494 1405 1575 mysteriis
1439 1510 1513 1556 cum
1551 1492 1784 1572 perficiuntur.
1806 1491 1872 1553 lam
1907 1506 1983 1552 vero

489 1628 713 1689 consentanea
735 1628 823 1691 bisce
846 1630 998 1708 leguntur
1020 1631 1053 1693 in
1075 1647 1175 1710 opere
1196 1630 1386 1694 Didascalia
1407 1633 1636 1709 apostolorum
1658 1648 1696 1694 c.
1721 1629 1843 1706 lo‚nec
1864 1625 1981 1689 nonin

490 1762 553 1825 cit.
575 1780 636 1841 op.
658 1764 699 1826 de
721 1764 858 1844 mystico
881 1766 1066 1830 ministerio
1088 1785 1123 1831 c.
1144 1768 1186 1829 20
1206 1772 1274 1830 etc.
1561 1735 1564 1740 Ι

598 1898 633 1961 ln
656 1901 895 1977 posterioribus
916 1906 1023 1967 autern
1045 1904 1204 1983 Syrorum
1228 1903 1452 1967 monumentis
1473 1920 1520 1965 ex.
1541 1918 1598 1982 gr.
1620 1902 1654 1963 in
1676 1900 1863 1963 canonibus
1882 1898 1926 1974 tl)
1947 1914 1981 1959 s.

488 2033 657 2101 Rabbulae
678 2036 825 2117 episcopi
848 2039 990 2103 Edessae
1007 2040 1154 2117 (†435)
1172 2057 1230 2103 nec
1247 2058 1313 2102 non
1330 2041 1363 2103 in
1380 2039 1640 2103 resolutionibus
1659 2036 1830 2101 canonicis
1842 2034 1981 2098 Joannis

487 2168 650 2234 Tellensis
665 2173 721 2251 qui
737 2172 876 2239 florebat
891 2175 985 2239 initio
1000 2178 1123 2239 saeculi
1139 2177 1220 2241 sexti
1236 2178 1289 2256 (2),
1304 2194 1405 2257 quum
1423 2176 1487 2239 iam
1502 2167 1678 2255 disciplina
1692 2174 1979 2237 catechumenatus

489 2305 682 2371 desuescere
702 2314 861 2390 coeperat,
877 2312 1085 2377 diaconissae
1107 2315 1321 2395 perhibentur
1335 2315 1564 2377 tantummodo
1581 2313 1667 2375 intra
1681 2308 1980 2376 sanctimonialium

491 2446 690 2509 monasteria
712 2448 878 2513 inclusae.

598 2584 634 2645 3⁰
654 2586 891 2665 Antiquitatem
924 2588 1111 2651 documenti
1144 2590 1381 2666 demonstrant,
1404 2605 1490 2667 quae
1512 2588 1556 2650 ibi
1579 2588 1734 2651 dicuntur
1754 2586 1795 2647 de
1816 2580 1982 2663 hypodia·

490 2724 584 2787 cono,
605 2711 754 2776 videlicet
775 2718 914 2778 eundem
937 2716 1083 2779 ordinari
1106 2720 1233 2796 absque
1255 2734 1374 2779 manus
1396 2716 1616 2795 impositione,
1637 2714 1743 2794 eique,
1765 2715 1895 2792 praeter
1914 2725 1980 2771 rnu-

491 2865 554 2911 nus
575 2852 774 2914 accendendi
798 2852 961 2931 lucernas,
995 2852 1165 2931 proprium
1189 2869 1263 2915 esse
1294 2853 1451 2915 ecclesiae
1471 2852 1558 2915 ostia
1577 2851 1715 2929 aperire,
1737 2851 1837 2927 atque
1857 2848 1900 2909 ad
1922 2846 1984 2919 illa,

492 2985 640 3063 tempore
670 2986 848 3051 oblationis
879 2989 1010 3053 adstare
1031 2990 1073 3053 ad
1103 2991 1356 3052 catechumenos
1376 3006 1397 3051 a
1418 2991 1533 3051 sancta
1564 2986 1732 3049 oblatione
1763 2981 1983 3046 cohibendos.

492 3128 637 3189 lamvero
659 3140 805 3187 canones
825 3126 873 3205 21,
888 3126 929 3189 22
949 3129 980 3189 et
1000 3128 1040 3189 43
1061 3126 1179 3207 synodi
1202 3126 1416 3189 Laodicensis
1438 3126 1581 3204 idipsum
1604 3123 1774 3202 repetunt.

599 3259 754 3325 Econtra
775 3265 882 3325 autem
907 3264 939 3327 in
964 3266 1078 3327 nostro
1100 3264 1297 3326 documento
1318 3263 1531 3327 contrectatio
1551 3277 1669 3323 vasum
1691 3272 1864 3321 sacrorum
1889 3270 1926 3316 ac
1940 3252 1984 3313 in·

491 3395 582 3458 fusio
603 3414 710 3475 aquae
731 3399 772 3461 ad
796 3416 916 3462 manus
938 3400 1085 3479 episcopi
1108 3404 1139 3463 et
1161 3403 1426 3481 presbyterorum
1449 3403 1526 3462 ante
1547 3398 1748 3463 oblationem
1772 3394 1978 3457 reservantur

489 3548 526 3595 ex
549 3530 689 3611 pristina
710 3534 887 3614 disciplina
909 3536 1059 3616 diacono
1082 3538 1161 3600 dum
1184 3539 1218 3600 in
1240 3539 1286 3601 C.
1309 3540 1356 3601 Α.
1372 3536 1438 3600 Vlll
1459 3556 1494 3600 c.
1522 3540 1552 3599 ll
1579 3534 1664 3598 etin
1687 3532 1800 3594 libello
1817 3530 1876 3593 “de
1898 3544 1980 3609 mys-

487 3668 553 3730 tico
578 3668 780 3749 ministerio„
806 3676 982 3752 utrumque
1004 3674 1146 3738 officium
1171 3675 1361 3755 assignatur
1392 3675 1632 3754 hypodiacono
1660 3673 1779 3751 utique
1801 3688 1840 3733 ex
1860 3669 1981 3733 seriore

493 3822 554 3866 usu
567 3852 574 3867 .

594 3944 628 4003 4⁰
651 3942 823 4006 Praeterea
845 3907 1077 4009 documentum
1102 3950 1251 4011 nostrum
1275 3948 1429 4027 praeterit
1451 3948 1515 4011 sub
1537 3944 1670 4008 silentio
1694 3960 1815 4006 nomen
1839 3940 1980 4021 patriar-

483 4077 574 4154 chae,
597 4079 627 4139 et
648 4093 749 4154 super
779 4080 1018 4156 metropolitam
1042 4084 1181 4147 collocat
1211 4084 1402 4163 episcopum
1435 4100 1532 4161 quem
1566 4080 1644 4143 dicit
1673 4078 1870 4141 catholicum
1894 4075 1923 4138 i.
1943 4091 1979 4135 e.

484 4214 703 4277 universalem
720 4216 784 4292 (3).
806 4217 903 4279 Haud
928 4219 1028 4298 liquet
1049 4224 1158 4283 autem
1182 4224 1289 4283 utrum
1307 4222 1370 4283 isto
1386 4219 1519 4282 nomine
1541 4218 1732 4297 designetur
1753 4213 1977 4278 Antiochenus

521 4538 565 4601 (l)
586 4536 748 4611 Overbeclr,
767 4554 824 4609 op.
844 4543 955 4598 selecta
975 4542 1036 4597 etc.
1057 4554 1093 4609 p.
1112 4540 1166 4595 219

521 4651 565 4715 (2)
585 4650 684 4721 Lamy‚
705 4653 903 4712 resolutiones
924 4656 986 4711 etc.
1006 4668 1043 4723 p.
1062 4655 1098 4709 86
1117 4654 1145 4706 et
1165 4666 1255 4720 seqq.

521 4770 565 4833 (3)
584 4762 661 4821 Vid.
682 4764 757 4821 intra
778 4766 806 4823 in
826 4771 963 4826 versione
983 4771 1078 4825 textus
1098 4782 1131 4822 c.
1152 4765 1181 4833 ll,
1201 4766 1225 4833 8,
1245 4766 1279 4819 20
