4584 6309
966 1030 1196 1095 praenotanda

923 1311 953 1367 l.
974 1307 1117 1365 indicatio
1136 1307 1252 1366 codicis

442 1584 588 1645 Alterum
620 1579 864 1655 documentum,
886 1576 975 1655 quod
1008 1576 1060 1638 bic
1090 1576 1123 1638 in
1148 1578 1252 1639 lucem
1285 1578 1468 1655 vulgamus,
1490 1576 1666 1639 extractum
1689 1594 1709 1639 a
1732 1576 1830 1639 nobis

335 1718 397 1782 luit
431 1734 470 1781 ex
505 1716 652 1779 secunda
683 1716 775 1793 parte
809 1712 948 1776 celebris
978 1712 1102 1775 codicis
1133 1713 1251 1791 syriaci
1283 1712 1581 1791 sangermanensis
1614 1713 1830 1777 bibliothecae

334 1854 520 1917 Nationalis
550 1851 747 1915 Pan'siensis
768 1849 887 1929 signati
912 1866 951 1911 n.
973 1850 1021 1926 62,
1044 1849 1121 1912 inde
1142 1865 1162 1911 a
1182 1848 1213 1910 f.
1235 1849 1295 1911 229
1317 1848 1486 1928 usquead
1507 1848 1538 1911 f.
1559 1849 1618 1910 237
1639 1866 1697 1927 v.,
1719 1850 1828 1912 consi·

333 1990 456 2068 stitque
478 1990 511 2051 in
533 1988 612 2051 XLV
633 1986 804 2066 responsis
825 2004 883 2049 seu
907 1980 1167 2049 resolutionibus
1188 1985 1229 2047 de
1251 2000 1285 2047 re
1307 1985 1467 2047 canonica
1489 1987 1520 2047 et
1542 1985 1712 2064 liturgica.

442 2124 612 2188 Praedicta
633 2125 741 2187 autem
764 2122 1004 2185 resolutionum
1027 2121 1177 2185 collectio
1199 2120 1375 2200 praesefert
1400 2121 1487 2183 bunc
1510 2122 1668 2183 titulum:
1694 2121 1829 2200 “Capita

333 2277 393 2323 seu
416 2260 567 2340 quaesita
587 2260 630 2323 ab
650 2259 869 2322 orientalibus
891 2262 1021 2321 exarata
1036 2260 1067 2321 et
1089 2258 1191 2321 missa
1212 2258 1254 2319 ad
1276 2259 1410 2319 sanctos
1431 2259 1542 2335 patres
1564 2257 1620 2335 qui
1637 2256 1679 2319 iis
1693 2273 1829 2335 respon·

332 2414 368 2459 sa
392 2396 568 2473 dederunt„
593 2413 601 2460 :
624 2398 654 2458 et
677 2395 710 2457 in
733 2394 798 2458 line
820 2395 999 2475 apponitur
1020 2412 1165 2474 sequens
1185 2393 1386 2474 subscriptio
1409 2411 1417 2454 :
1438 2392 1609 2456 “Absoluti
1631 2395 1710 2455 sunt
1731 2410 1828 2455 cano·

334 2548 393 2595 nes
416 2548 553 2596 numero
574 2532 792 2611 quadraginta
813 2532 961 2611 quinque
977 2532 1033 2611 qui
1049 2532 1218 2595 constituti
1241 2530 1374 2593 luerunt
1389 2547 1408 2591 a
1425 2530 1574 2608 patribus
1595 2528 1827 2606 orthodoxiS„.

821 2814 855 2869 2.
874 2810 917 2867 De
935 2810 1109 2867 auctoribus
1128 2809 1345 2867 resolutionum

440 3078 600 3153 Quamvis
620 3081 728 3141 autem
753 3094 859 3157 neque
882 3078 915 3138 in
936 3076 1032 3138 titulo
1054 3091 1161 3153 neque
1183 3075 1216 3137 in
1239 3076 1485 3154 subscriptione
1506 3076 1671 3138 indicetur
1690 3076 1826 3155 quinam

333 3214 456 3277 luerint
487 3214 532 3275 illi
556 3212 735 3277 orientales
757 3214 813 3292 qui
836 3212 986 3292 quaesita
1018 3215 1272 3290 proposuerunt,
1293 3212 1496 3291 quinamque
1530 3216 1640 3291 patres
1676 3216 1828 3275 auctores

337 3350 587 3425 resolutionum,
608 3348 762 3411 facillime
783 3351 892 3412 tamen
916 3352 1090 3427 utrumque
1111 3348 1246 3410 aliunde
1266 3351 1478 3427 explanatur.

443 3486 622 3565 Gregorius
636 3485 787 3564 equidem
810 3469 1039 3547 Barbebraeus
1054 3501 1115 3547 suo
1132 3488 1363 3566 nomocanoni,
1378 3488 1429 3550 cui
1445 3488 1561 3550 titulus
1578 3488 1823 3568 “directorium„

335 3624 348 3700 (
370 3612 473 3701 Lpoor
499 3624 521 3703 ),
537 3624 651 3702 plures
673 3640 711 3685 ex
733 3622 908 3721 praedictis
930 3622 1190 3685 resolutionibus
1211 3624 1381 3687 canonicis
1400 3624 1535 3687 totidem
1557 3626 1667 3689 verbis
1687 3628 1737 3689 vel
1760 3629 1824 3689 ad·

336 3760 439 3825 bibita
460 3760 683 3823 contractione
705 3760 864 3837 inserens,
894 3772 952 3821 eas
972 3757 1088 3821 tribuit
1107 3760 1276 3838 tamquam
1304 3761 1430 3823 auctori
1452 3762 1573 3824 Severo
1601 3764 1825 3843 monophysi-

332 3902 440 3961 tarum
463 3897 581 3961 celebri
606 3897 809 3975 patriarchae
831 3895 1046 3973 antiocheno,
1062 3895 1107 3957 uti
1131 3896 1165 3957 in
1189 3898 1275 3960 notis
1296 3900 1338 3961 ad
1360 3899 1544 3961 versionem
1566 3903 1673 3963 textus
1694 3901 1824 3979 signifi·

333 4035 501 4097 cabimuS.
524 4034 668 4096 lamvero
699 4033 829 4096 easdem
863 4032 1082 4095 resolutiones
1113 4034 1280 4111 praedicto
1311 4035 1442 4113 Sever0,
1465 4036 1510 4098 uti
1533 4037 1669 4115 auctori,
1693 4038 1826 4101 minime

335 4171 529 4235 tribuendas
550 4187 623 4233 esse
644 4171 695 4232 vel
718 4186 756 4231 ex
778 4186 817 4231 eo
839 4170 927 4246 patet
947 4168 1036 4245 quod
1060 4170 1280 4233 resolutiones
1300 4172 1321 4231 b
1341 4175 1373 4233 et
1392 4173 1432 4233 27
1453 4176 1711 4235 commemorent
1731 4172 1826 4235 Seve-

340 4324 411 4369 rum
434 4324 506 4369 cum
539 4306 691 4385 apposito
722 4304 866 4383 epitheto
890 4303 1030 4380 “sancti„
1055 4320 1121 4382 quo
1144 4304 1358 4366 denuntiatur
1388 4308 1528 4369 eundem
1552 4308 1615 4369 iam
1638 4308 1743 4371 luisse
1763 4309 1830 4371 vita

339 4439 506 4502 iunctum.
529 4440 701 4502 Praeterea
723 4438 843 4499 ibidem
867 4438 1060 4499 exhibentur
1081 4437 1270 4499 testimonia
1291 4454 1329 4499 ex
1350 4438 1484 4517 scriptis
1505 4458 1591 4519 quae
1612 4442 1767 4504 dicuntur
1787 4445 1830 4505 ab

341 4576 416 4654 ipso
438 4575 557 4638 Severo
579 4576 699 4652 relicta,
723 4573 915 4636 nominatim
938 4590 1016 4635 vero
1037 4590 1074 4635 ex
1095 4590 1195 4651 opere
1215 4574 1330 4636 contra
1353 4574 1616 4655 “anachristas„.

449 4712 516 4774 imo
538 4711 730 4775 resolutioni
753 4712 792 4773 27
814 4710 899 4773 inest
921 4712 999 4773 nota
1019 4710 1252 4789 chronologica
1283 4728 1320 4773 ex
1342 4728 1408 4790 qua
1431 4713 1547 4776 merito
1570 4715 1716 4793 infertur,
1739 4715 1827 4777 brevi

1440 5038 1460 5097 4
