4584 6309
1017 620 1055 630 ..
1077 587 1116 649 47
1138 620 1176 630 -

345 722 460 782 tamen
493 720 741 785 eucharisticam
773 722 1039 786 communionem
1064 724 1097 785 in
1121 724 1176 786 illa
1199 722 1391 802 suscipiant,
1421 723 1616 787 adhibeatur
1645 725 1769 786 etcum
1792 723 1841 786 eis

348 856 448 919 etiam
472 855 707 935 misericordia,
730 858 796 921 imo
817 862 849 922 et
871 860 1084 941 indulgentia,
1106 860 1285 923 dummodo
1307 860 1441 923 minime
1463 860 1543 923 illud
1564 862 1669 923 vertat
1688 860 1842 923 fidelibus

349 992 384 1053 in
407 994 601 1057 scandalum
632 997 731 1072 atque
754 996 1004 1059 detrimentum.
1027 996 1061 1059 Si
1084 998 1154 1059 lieri
1178 998 1294 1075 potest,
1315 996 1504 1059 obtineatur
1526 998 1556 1058 et
1576 996 1800 1059 testimonium
1823 1013 1843 1058 a

349 1128 440 1191 notis
462 1129 591 1193 illarum
614 1132 703 1209 quod
728 1148 844 1211 nempe
867 1150 1075 1213 nequaquam
1106 1133 1372 1197 communionem
1396 1132 1487 1211 ipsae
1507 1133 1694 1212 suscipiunt
1715 1133 1843 1195 eucha-

348 1264 496 1329 risticam
519 1268 552 1330 in
574 1268 711 1331 ecclesia
731 1269 966 1333 haereticorum
990 1270 1022 1332 in
1045 1288 1112 1349 qua
1133 1273 1257 1333 canunt
1278 1272 1439 1349 hymnos.

458 1404 538 1465 XLV
579 1404 728 1468 Monachi
752 1406 807 1485 qui
831 1406 1032 1485 Lampetiani
1049 1408 1093 1483 (l)
1110 1409 1320 1485 appellantur
1342 1406 1375 1467 in
1397 1406 1522 1469 ditione
1544 1406 1670 1484 imperii
1693 1406 1845 1502 Romani,

353 1540 480 1619 quique
502 1542 688 1620 promiscue
708 1543 769 1605 viri
793 1546 823 1607 et
845 1544 999 1607 mulieres
1022 1544 1119 1606 simul
1142 1543 1341 1621 cohabitant,
1363 1543 1391 1606 si
1414 1546 1596 1622 exposcunt
1617 1544 1843 1621 poenitentiam

347 1694 448 1755 agere
470 1681 501 1741 et
522 1680 607 1741 uniri
630 1680 829 1756 orthodoxis,
846 1698 978 1744 necesse
1000 1685 1049 1745 est
1071 1684 1106 1743 ut
1129 1680 1326 1760 praeprimis
1346 1680 1407 1741 viri
1422 1697 1442 1742 a
1457 1680 1651 1742 mulieribus
1671 1698 1843 1761 segregen-

350 1816 416 1891 tur,
439 1814 556 1878 deinde
579 1817 612 1877 ut
633 1816 834 1895 lampetium
859 1817 1019 1895 ejusmodi
1042 1817 1154 1896 flagitii
1177 1820 1342 1879 auctorem
1375 1816 1547 1894 ipsiusque
1569 1817 1731 1879 haeresim
1753 1835 1843 1881 ana-

351 1950 495 2012 themate
526 1950 702 2013 damnent.
725 1952 862 2028 Oprotet
895 1956 1062 2028 praeterea
1085 1956 1119 2016 ut
1141 1953 1393 2031 interrogentur,
1428 1953 1594 2015 undenam
1625 1953 1845 2017 sacerdotium

353 2086 532 2149 habuerint
552 2106 559 2163 ;
582 2091 613 2151 et
635 2088 690 2151 ubi
712 2088 898 2151 constiterit
919 2089 995 2151 illos
1016 2107 1036 2151 a
1057 2090 1201 2168 quodam
1225 2090 1381 2168 episcopo
1402 2088 1536 2167 sequaci
1561 2088 1691 2150 concilii
1714 2088 1847 2150 Chalce-

350 2222 524 2301 donensis
539 2226 588 2286 vel
606 2224 774 2288 lulianista
795 2223 897 2287 luisse
919 2224 1101 2301 ordinatos,
1123 2224 1347 2301 admittantur,
1369 2223 1515 2285 libellum
1537 2226 1647 2287 tamen
1666 2241 1732 2285 non
1747 2241 1844 2286 secus

350 2374 396 2419 ac
416 2358 471 2419 alil
505 2360 655 2422 haeretici
690 2362 837 2423 scribant
866 2362 896 2423 et
917 2359 1142 2435 poenitentiam
1175 2359 1270 2421 sicuti
1305 2359 1352 2421 illi
1389 2362 1505 2437 agant.
1528 2358 1625 2433 Quod
1650 2360 1680 2421 si
1704 2359 1840 2421 minime

351 2495 533 2558 ostendant
547 2513 567 2558 a
581 2513 725 2575 quonam
747 2496 850 2559 factos
874 2496 965 2571 ipsos
986 2495 1089 2558 luisse
1111 2495 1307 2572 sacerdotes
1329 2495 1544 2558 admittantur
1559 2497 1594 2556 ut
1609 2494 1682 2557 laici
1704 2495 1847 2557 tantum.

658 2770 811 2833 Absoluti
835 2772 913 2831 sunt
934 2785 1080 2831 canones
1101 2769 1143 2831 ab
1165 2767 1358 2831 orthodoxis
1380 2767 1530 2843 patribus

723 2906 889 2971 constituti
914 2923 1050 2969 numero
1072 2905 1289 2985 quadraginta
1311 2905 1477 2984 quinque.

377 3520 740 3543 V—..ffl-

358 3666 372 3731 (
392 3664 484 3735 Lamy
503 3678 540 3719 s.
560 3662 716 3733 Ephraemi
738 3663 825 3734 hym.
844 3662 873 3717 t.
895 3660 916 3715 ll
937 3673 974 3728 p.
993 3659 1029 3713 68
1049 3658 1080 3723 ).
1100 3656 1180 3711 ldem
1199 3669 1290 3724 saepe
1310 3653 1406 3709 innuit
1427 3671 1461 3712 s.
1481 3654 1592 3711 Doctor
1611 3654 1641 3710 in
1660 3653 1726 3710 suis
1745 3654 1852 3709 carmi·

359 3790 450 3848 nibus
469 3806 504 3847 v.
524 3808 560 3862 g.
581 3792 610 3846 in
630 3791 739 3862 hymno
759 3791 797 3847 ad
818 3804 952 3845 normam
973 3767 1056 3852 l-oi
1079 3752 1149 3858 Ν
1169 3782 1219 3854 qui
1238 3781 1356 3837 canitur
1375 3782 1535 3839 dominicis
1554 3784 1624 3853 post
1651 3781 1848 3838 Pentecosten

361 3889 685 4046 ΙΑᾋΑῚοκ-ῥς
707 3895 966 3981 lusamlssee
978 3896 1044 4015 r(
1057 3895 1286 3997 „anoL
1303 3892 1433 3985 (111»)
1448 3899 1666 4005 &No-Q
1689 3895 1749 3974 bi
1773 3889 1852 3969 in

363 4036 561 4136 φομιῖμο
584 4020 717 4111 lla-3⁴
739 4087 749 4107 .
771 4034 996 4144 χοομῖυομο
1018 4036 1115 4122 Ιῖοδ.
1136 4085 1146 4104 .
1168 4054 1346 4129 „ocul-w
1366 4045 1476 4101 Pastor
1494 4041 1591 4099 maior
1609 4043 1621 4106 (
1642 4039 1668 4095 i.
1687 4054 1718 4094 e.
1738 4038 1853 4107 episco-

364 4196 421 4251 pus
441 4182 453 4247 )
474 4180 573 4236 nectat
592 4179 621 4235 ln
641 4180 689 4235 die
707 4178 786 4235 testo
806 4194 862 4235 sua
881 4176 1096 4233 commentaria
1116 4179 1127 4243 (
1149 4176 1178 4231 i.
1197 4191 1230 4231 e.
1250 4175 1405 4231 homiliam
1426 4168 1546 4239 >sicuti
1566 4166 1666 4236 llores,
1685 4165 1851 4237 presbyteri

366 4306 522 4365 exhibeant
540 4324 597 4365 sua
616 4308 770 4378 praeclara
789 4308 882 4378 gesta,
903 4304 1021 4361 diaconi
1042 4319 1115 4359 suas
1135 4301 1287 4374 lectiones,
1306 4300 1421 4373 pueruli
1441 4312 1515 4355 suos
1544 4294 1690 4366 psalmos
1709 4293 1738 4347 et
1757 4291 1851 4362 pudi-

367 4448 418 4489 cae
437 4437 449 4501 (
469 4435 551 4492 i.e.
570 4434 648 4491 filiae
676 4434 806 4492 foederis
826 4438 837 4501 )
857 4450 931 4490 suos
960 4434 1090 4505 hymnos
1110 4434 1120 4497 l
1140 4430 1316 4486 madrasche
1335 4430 1365 4494 ).
1385 4425 1438 4482 cf.
1457 4436 1601 4481 canonem
1631 4436 1664 4475 s.
1689 4418 1852 4489 Rabbulae,

368 4562 416 4617 ubi
438 4562 614 4633 praescribit
627 4565 659 4619 ut
672 4562 786 4633 pueruli
807 4562 924 4619 discant
944 4562 1079 4631 psalmos
1098 4560 1127 4615 et
1146 4558 1224 4613 tiliae
1242 4555 1371 4613 foederis
1393 4555 1521 4627 hymnos
1535 4547 1710 4617 (overueck
1729 4561 1757 4617 p.
1776 4548 1853 4613 217)

404 4693 447 4757 (l)
467 4690 509 4747 De
528 4691 643 4749 haeresi
663 4692 807 4763 Lampeili
828 4690 872 4747 cl.
891 4689 1079 4746 Theodorct.
1100 4686 1178 4744 hist.
1198 4685 1276 4741 eccl.
1296 4686 1323 4741 l.
1343 4684 1391 4740 lV.
