<?xml version="1.0" encoding="UTF-8"?>
<!DOCTYPE html PUBLIC "-//W3C//DTD XHTML 1.0 Transitional//EN"
    "http://www.w3.org/TR/xhtml1/DTD/xhtml1-transitional.dtd">
<html xmlns="http://www.w3.org/1999/xhtml" xml:lang="en" lang="en">
 <head>
  <title>
</title>
<meta http-equiv="Content-Type" content="text/html;charset=utf-8" />
  <meta name='ocr-system' content='tesseract 3.04.00' />
  <meta name='ocr-capabilities' content='ocr_page ocr_carea ocr_par ocr_line ocrx_word'/>
</head>
<body>
  <div class='ocr_page' id='page_1' title='image "./studiasyriacase00rahmgoog_0071.png"; bbox 0 0 4584 6309; ppageno 0'>
   <div class='ocr_carea' id='block_1_1' title="bbox 981 584 1143 645">
    <p class='ocr_par' dir='ltr' id='par_1_1' title="bbox 981 584 1143 645">
     <span class='ocr_line' id='line_1_1' title="bbox 981 584 1143 645; baseline 0 -18"><span class='ocrx_word' id='word_1_1' title='bbox 981 584 1143 645; x_wconf 72' lang='lat'>..59-</span> 
     </span>
    </p>
   </div>
   <div class='ocr_carea' id='block_1_2' title="bbox 312 722 1802 803">
    <p class='ocr_par' dir='ltr' id='par_1_2' title="bbox 312 722 1802 803">
     <span class='ocr_line' id='line_1_2' title="bbox 312 722 1802 803; baseline -0.001 -16"><span class='ocrx_word' id='word_1_2' title='bbox 312 742 398 803; x_wconf 84' lang='lat' dir='ltr'>genu</span> <span class='ocrx_word' id='word_1_3' title='bbox 421 725 589 803; x_wconf 82' lang='lat' dir='ltr'>procidat.</span> <span class='ocrx_word' id='word_1_4' title='bbox 612 722 736 791; x_wconf 85' lang='lat' dir='ltr'>Recitat</span> <span class='ocrx_word' id='word_1_5' title='bbox 757 722 933 801; x_wconf 89' lang='lat' dir='ltr'>episcopus</span> <span class='ocrx_word' id='word_1_6' title='bbox 954 736 1054 800; x_wconf 90' lang='lat' dir='ltr'>super</span> <span class='ocrx_word' id='word_1_7' title='bbox 1075 738 1150 783; x_wconf 91' lang='lat' dir='ltr'>eum</span> <span class='ocrx_word' id='word_1_8' title='bbox 1171 722 1364 802; x_wconf 90' lang='lat' dir='ltr'>orationem,</span> <span class='ocrx_word' id='word_1_9' title='bbox 1379 724 1457 786; x_wconf 91' lang='lat' dir='ltr'>dum</span> <span class='ocrx_word' id='word_1_10' title='bbox 1480 725 1644 788; x_wconf 84' lang='lat' dir='ltr'>dexteram</span> <span class='ocrx_word' id='word_1_11' title='bbox 1668 740 1802 786; x_wconf 91' lang='lat' dir='ltr'>manum</span> 
     </span>
    </p>
   </div>
   <div class='ocr_carea' id='block_1_3' title="bbox 203 859 1804 942">
    <p class='ocr_par' dir='ltr' id='par_1_3' title="bbox 203 859 1804 942">
     <span class='ocr_line' id='line_1_3' title="bbox 203 859 1804 942; baseline -0.002 -17"><span class='ocrx_word' id='word_1_12' title='bbox 203 859 206 869; x_wconf 82' lang='lat'><em>&#39;</em></span> <span class='ocrx_word' id='word_1_13' title='bbox 312 878 415 942; x_wconf 88' lang='lat' dir='ltr'>super</span> <span class='ocrx_word' id='word_1_14' title='bbox 436 860 542 941; x_wconf 91' lang='lat' dir='ltr'>ipsius</span> <span class='ocrx_word' id='word_1_15' title='bbox 564 864 662 940; x_wconf 89' lang='lat' dir='ltr'>caput</span> <span class='ocrx_word' id='word_1_16' title='bbox 684 860 831 939; x_wconf 79' lang='lat' dir='ltr'>imponit,</span> <span class='ocrx_word' id='word_1_17' title='bbox 853 876 994 922; x_wconf 88' lang='lat' dir='ltr'>exorans</span> <span class='ocrx_word' id='word_1_18' title='bbox 1016 861 1129 939; x_wconf 89' lang='lat' dir='ltr'>Deum,</span> <span class='ocrx_word' id='word_1_19' title='bbox 1145 862 1181 923; x_wconf 94' lang='lat' dir='ltr'>ut</span> <span class='ocrx_word' id='word_1_20' title='bbox 1195 876 1233 922; x_wconf 89' lang='lat' dir='ltr'>ex</span> <span class='ocrx_word' id='word_1_21' title='bbox 1254 860 1378 940; x_wconf 86' lang='lat' dir='ltr'>Spiritu</span> <span class='ocrx_word' id='word_1_22' title='bbox 1401 860 1522 923; x_wconf 84' lang='lat' dir='ltr'>Sancto</span> <span class='ocrx_word' id='word_1_23' title='bbox 1543 862 1706 925; x_wconf 82' lang='lat' dir='ltr'>tribuatur</span> <span class='ocrx_word' id='word_1_24' title='bbox 1728 860 1804 939; x_wconf 88' lang='lat' dir='ltr'>ipsi,</span> 
     </span>
    </p>
   </div>
   <div class='ocr_carea' id='block_1_4' title="bbox 310 998 1809 1758">
    <p class='ocr_par' dir='ltr' id='par_1_4' title="bbox 310 998 1809 1606">
     <span class='ocr_line' id='line_1_4' title="bbox 313 998 1808 1076; baseline -0.001 -15"><span class='ocrx_word' id='word_1_25' title='bbox 313 1002 350 1061; x_wconf 89' lang='lat' dir='ltr'>ut</span> <span class='ocrx_word' id='word_1_26' title='bbox 371 998 486 1061; x_wconf 86' lang='lat' dir='ltr'>ollerat</span> <span class='ocrx_word' id='word_1_27' title='bbox 507 998 718 1074; x_wconf 88' lang='lat' dir='ltr'>oblationem,</span> <span class='ocrx_word' id='word_1_28' title='bbox 740 998 908 1059; x_wconf 89' lang='lat' dir='ltr'>consecret</span> <span class='ocrx_word' id='word_1_29' title='bbox 929 998 1048 1075; x_wconf 92' lang='lat' dir='ltr'>oleum,</span> <span class='ocrx_word' id='word_1_30' title='bbox 1070 999 1101 1059; x_wconf 93' lang='lat' dir='ltr'>et</span> <span class='ocrx_word' id='word_1_31' title='bbox 1122 1014 1242 1075; x_wconf 89' lang='lat' dir='ltr'>aquam</span> <span class='ocrx_word' id='word_1_32' title='bbox 1266 998 1430 1076; x_wconf 84' lang='lat' dir='ltr'>baptismi,</span> <span class='ocrx_word' id='word_1_33' title='bbox 1452 1001 1484 1061; x_wconf 92' lang='lat' dir='ltr'>et</span> <span class='ocrx_word' id='word_1_34' title='bbox 1505 999 1666 1061; x_wconf 90' lang='lat' dir='ltr'>mediator</span> <span class='ocrx_word' id='word_1_35' title='bbox 1687 998 1808 1060; x_wconf 85' lang='lat' dir='ltr'>existat</span> 
     </span>
     <span class='ocr_line' id='line_1_5' title="bbox 311 1131 1809 1213; baseline -0.002 -16"><span class='ocrx_word' id='word_1_36' title='bbox 311 1134 419 1197; x_wconf 91' lang='lat' dir='ltr'>Deum</span> <span class='ocrx_word' id='word_1_37' title='bbox 452 1134 536 1197; x_wconf 88' lang='lat' dir='ltr'>inter</span> <span class='ocrx_word' id='word_1_38' title='bbox 558 1136 589 1195; x_wconf 90' lang='lat' dir='ltr'>et</span> <span class='ocrx_word' id='word_1_39' title='bbox 610 1133 770 1211; x_wconf 71' lang='lat' dir='ltr'>homines</span> <span class='ocrx_word' id='word_1_40' title='bbox 799 1134 830 1195; x_wconf 94' lang='lat' dir='ltr'>et</span> <span class='ocrx_word' id='word_1_41' title='bbox 859 1134 1051 1211; x_wconf 88' lang='lat' dir='ltr'>potestatem</span> <span class='ocrx_word' id='word_1_42' title='bbox 1085 1134 1204 1196; x_wconf 90' lang='lat' dir='ltr'>habeat</span> <span class='ocrx_word' id='word_1_43' title='bbox 1237 1133 1359 1213; x_wconf 85' lang='lat' dir='ltr'>ligandi</span> <span class='ocrx_word' id='word_1_44' title='bbox 1389 1136 1420 1196; x_wconf 93' lang='lat' dir='ltr'>et</span> <span class='ocrx_word' id='word_1_45' title='bbox 1446 1132 1598 1196; x_wconf 89' lang='lat' dir='ltr'>solvendi</span> <span class='ocrx_word' id='word_1_46' title='bbox 1630 1131 1809 1211; x_wconf 89' lang='lat' dir='ltr'>quemlibet</span> 
     </span>
     <span class='ocr_line' id='line_1_6' title="bbox 312 1268 1806 1349; baseline -0.001 -18"><span class='ocrx_word' id='word_1_47' title='bbox 312 1286 415 1348; x_wconf 90' lang='lat' dir='ltr'>quem</span> <span class='ocrx_word' id='word_1_48' title='bbox 437 1269 577 1333; x_wconf 90' lang='lat' dir='ltr'>voluerit</span> <span class='ocrx_word' id='word_1_49' title='bbox 599 1270 731 1347; x_wconf 86' lang='lat' dir='ltr'>propter</span> <span class='ocrx_word' id='word_1_50' title='bbox 753 1285 838 1346; x_wconf 90' lang='lat' dir='ltr'>opus</span> <span class='ocrx_word' id='word_1_51' title='bbox 860 1270 958 1346; x_wconf 90' lang='lat' dir='ltr'>atque</span> <span class='ocrx_word' id='word_1_52' title='bbox 979 1286 1113 1331; x_wconf 89' lang='lat' dir='ltr'>causam</span> <span class='ocrx_word' id='word_1_53' title='bbox 1136 1284 1223 1349; x_wconf 91' lang='lat' dir='ltr'>quae</span> <span class='ocrx_word' id='word_1_54' title='bbox 1243 1270 1285 1331; x_wconf 91' lang='lat' dir='ltr'>ad</span> <span class='ocrx_word' id='word_1_55' title='bbox 1308 1270 1370 1331; x_wconf 92' lang='lat' dir='ltr'>hoc</span> <span class='ocrx_word' id='word_1_56' title='bbox 1392 1268 1515 1347; x_wconf 90' lang='lat' dir='ltr'>incitat,</span> <span class='ocrx_word' id='word_1_57' title='bbox 1537 1272 1569 1332; x_wconf 94' lang='lat' dir='ltr'>et</span> <span class='ocrx_word' id='word_1_58' title='bbox 1590 1268 1622 1330; x_wconf 91' lang='lat' dir='ltr'>id</span> <span class='ocrx_word' id='word_1_59' title='bbox 1646 1270 1806 1330; x_wconf 90' lang='lat' dir='ltr'>meretur.</span> 
     </span>
     <span class='ocr_line' id='line_1_7' title="bbox 310 1404 1803 1485; baseline -0.003 -16"><span class='ocrx_word' id='word_1_60' title='bbox 310 1406 485 1485; x_wconf 80' lang='lat' dir='ltr'>Siquidem</span> <span class='ocrx_word' id='word_1_61' title='bbox 518 1406 680 1469; x_wconf 88' lang='lat' dir='ltr'>eiusmodi</span> <span class='ocrx_word' id='word_1_62' title='bbox 711 1406 902 1484; x_wconf 88' lang='lat' dir='ltr'>potestatem</span> <span class='ocrx_word' id='word_1_63' title='bbox 932 1406 1053 1484; x_wconf 87' lang='lat' dir='ltr'>recepit</span> <span class='ocrx_word' id='word_1_64' title='bbox 1073 1422 1094 1467; x_wconf 93' lang='lat' dir='ltr'>a</span> <span class='ocrx_word' id='word_1_65' title='bbox 1114 1405 1248 1485; x_wconf 70' lang='lat' dir='ltr'>spiritu,</span> <span class='ocrx_word' id='word_1_66' title='bbox 1268 1405 1399 1483; x_wconf 84' lang='lat' dir='ltr'>Sancto,</span> <span class='ocrx_word' id='word_1_67' title='bbox 1422 1406 1593 1484; x_wconf 87' lang='lat' dir='ltr'>perillum</span> <span class='ocrx_word' id='word_1_68' title='bbox 1615 1404 1672 1483; x_wconf 93' lang='lat' dir='ltr'>qui</span> <span class='ocrx_word' id='word_1_69' title='bbox 1696 1404 1803 1482; x_wconf 89' lang='lat' dir='ltr'>ipsum</span> 
     </span>
     <span class='ocr_line' id='line_1_8' title="bbox 312 1506 1070 1606; baseline 0.001 -1"><span class='ocrx_word' id='word_1_70' title='bbox 312 1543 499 1606; x_wconf 88' lang='lat' dir='ltr'>ordinavit.</span> <span class='ocrx_word' id='word_1_71' title='bbox 1068 1506 1070 1514; x_wconf 69' lang='lat'>,</span> 
     </span>
    </p>

    <p class='ocr_par' dir='ltr' id='par_1_5' title="bbox 430 1677 1807 1758">
     <span class='ocr_line' id='line_1_9' title="bbox 430 1677 1807 1758; baseline -0.002 -17"><span class='ocrx_word' id='word_1_72' title='bbox 430 1680 465 1741; x_wconf 87' lang='lat'>10</span> <span class='ocrx_word' id='word_1_73' title='bbox 485 1678 702 1742; x_wconf 85' lang='lat' dir='ltr'>ordinandus</span> <span class='ocrx_word' id='word_1_74' title='bbox 723 1677 756 1739; x_wconf 93' lang='lat' dir='ltr'>in</span> <span class='ocrx_word' id='word_1_75' title='bbox 779 1677 954 1741; x_wconf 90' lang='lat' dir='ltr'>diaconum</span> <span class='ocrx_word' id='word_1_76' title='bbox 970 1678 997 1740; x_wconf 90' lang='lat' dir='ltr'>si</span> <span class='ocrx_word' id='word_1_77' title='bbox 1014 1695 1051 1740; x_wconf 90' lang='lat' dir='ltr'>ex</span> <span class='ocrx_word' id='word_1_78' title='bbox 1067 1677 1306 1757; x_wconf 84' lang='lat' dir='ltr'>hypodiaconis</span> <span class='ocrx_word' id='word_1_79' title='bbox 1326 1678 1515 1758; x_wconf 86' lang='lat' dir='ltr'>assumitur,</span> <span class='ocrx_word' id='word_1_80' title='bbox 1537 1680 1713 1757; x_wconf 84' lang='lat' dir='ltr'>postquam</span> <span class='ocrx_word' id='word_1_81' title='bbox 1737 1678 1807 1755; x_wconf 90' lang='lat' dir='ltr'>pal·</span> 
     </span>
    </p>
   </div>
   <div class='ocr_carea' id='block_1_5' title="bbox 241 1791 1867 1907">
    <p class='ocr_par' dir='ltr' id='par_1_6' title="bbox 241 1791 1867 1907">
     <span class='ocr_line' id='line_1_10' title="bbox 241 1791 1867 1907; baseline -0.001 -30"><span class='ocrx_word' id='word_1_82' title='bbox 241 1902 243 1907; x_wconf 85' lang='lat'><em>.</em></span> <span class='ocrx_word' id='word_1_83' title='bbox 314 1816 401 1877; x_wconf 93' lang='lat' dir='ltr'>lium</span> <span class='ocrx_word' id='word_1_84' title='bbox 423 1816 466 1877; x_wconf 90' lang='lat' dir='ltr'>ab</span> <span class='ocrx_word' id='word_1_85' title='bbox 487 1832 525 1877; x_wconf 92' lang='lat' dir='ltr'>eo</span> <span class='ocrx_word' id='word_1_86' title='bbox 548 1816 693 1877; x_wconf 90' lang='lat' dir='ltr'>ablatum</span> <span class='ocrx_word' id='word_1_87' title='bbox 715 1813 822 1891; x_wconf 88' lang='lat' dir='ltr'>luerit,</span> <span class='ocrx_word' id='word_1_88' title='bbox 844 1813 937 1877; x_wconf 92' lang='lat' dir='ltr'>illum</span> <span class='ocrx_word' id='word_1_89' title='bbox 960 1814 1179 1892; x_wconf 86' lang='lat' dir='ltr'>introducant,</span> <span class='ocrx_word' id='word_1_90' title='bbox 1211 1814 1417 1892; x_wconf 88' lang='lat' dir='ltr'>innuantque</span> <span class='ocrx_word' id='word_1_91' title='bbox 1439 1814 1501 1893; x_wconf 90' lang='lat' dir='ltr'>ipsi</span> <span class='ocrx_word' id='word_1_92' title='bbox 1525 1816 1560 1877; x_wconf 92' lang='lat' dir='ltr'>ut</span> <span class='ocrx_word' id='word_1_93' title='bbox 1581 1830 1683 1892; x_wconf 88' lang='lat' dir='ltr'>super</span> <span class='ocrx_word' id='word_1_94' title='bbox 1706 1830 1807 1875; x_wconf 91' lang='lat' dir='ltr'>unum</span> <span class='ocrx_word' id='word_1_95' title='bbox 1851 1791 1867 1815; x_wconf 57' lang='lat'><strong><em>⁹</em></strong></span> 
     </span>
    </p>
   </div>
   <div class='ocr_carea' id='block_1_6' title="bbox 312 1951 1822 3939">
    <p class='ocr_par' dir='ltr' id='par_1_7' title="bbox 312 1951 1822 3939">
     <span class='ocr_line' id='line_1_11' title="bbox 312 1951 1811 2032; baseline 0.001 -17"><span class='ocrx_word' id='word_1_96' title='bbox 312 1970 406 2031; x_wconf 88' lang='lat' dir='ltr'>genu</span> <span class='ocrx_word' id='word_1_97' title='bbox 429 1953 596 2016; x_wconf 85' lang='lat' dir='ltr'>dexterum</span> <span class='ocrx_word' id='word_1_98' title='bbox 630 1954 826 2032; x_wconf 90' lang='lat' dir='ltr'>provolutus</span> <span class='ocrx_word' id='word_1_99' title='bbox 848 1951 1005 2030; x_wconf 89' lang='lat' dir='ltr'>procidat,</span> <span class='ocrx_word' id='word_1_100' title='bbox 1027 1955 1125 2031; x_wconf 89' lang='lat' dir='ltr'>atque</span> <span class='ocrx_word' id='word_1_101' title='bbox 1147 1952 1334 2032; x_wconf 90' lang='lat' dir='ltr'>episcopus,</span> <span class='ocrx_word' id='word_1_102' title='bbox 1356 1970 1491 2015; x_wconf 91' lang='lat' dir='ltr'>manum</span> <span class='ocrx_word' id='word_1_103' title='bbox 1524 1954 1688 2016; x_wconf 89' lang='lat' dir='ltr'>dexteram</span> <span class='ocrx_word' id='word_1_104' title='bbox 1710 1970 1811 2031; x_wconf 91' lang='lat' dir='ltr'>super</span> 
     </span>
     <span class='ocr_line' id='line_1_12' title="bbox 314 2088 1808 2169; baseline 0 -18"><span class='ocrx_word' id='word_1_105' title='bbox 314 2090 394 2152; x_wconf 89' lang='lat' dir='ltr'>eius</span> <span class='ocrx_word' id='word_1_106' title='bbox 414 2093 511 2168; x_wconf 90' lang='lat' dir='ltr'>caput</span> <span class='ocrx_word' id='word_1_107' title='bbox 543 2089 727 2168; x_wconf 73' lang='lat' dir='ltr'>imponens</span> <span class='ocrx_word' id='word_1_108' title='bbox 748 2091 822 2152; x_wconf 91' lang='lat' dir='ltr'>orat</span> <span class='ocrx_word' id='word_1_109' title='bbox 842 2106 943 2167; x_wconf 89' lang='lat' dir='ltr'>super</span> <span class='ocrx_word' id='word_1_110' title='bbox 964 2106 1037 2151; x_wconf 92' lang='lat' dir='ltr'>eum</span> <span class='ocrx_word' id='word_1_111' title='bbox 1066 2088 1260 2166; x_wconf 91' lang='lat' dir='ltr'>orationem,</span> <span class='ocrx_word' id='word_1_112' title='bbox 1283 2090 1371 2152; x_wconf 89' lang='lat' dir='ltr'>haud</span> <span class='ocrx_word' id='word_1_113' title='bbox 1392 2095 1502 2153; x_wconf 89' lang='lat' dir='ltr'>tamen</span> <span class='ocrx_word' id='word_1_114' title='bbox 1525 2090 1616 2152; x_wconf 92' lang='lat' dir='ltr'>illam</span> <span class='ocrx_word' id='word_1_115' title='bbox 1639 2091 1808 2169; x_wconf 87' lang='lat' dir='ltr'>propriam</span> 
     </span>
     <span class='ocr_line' id='line_1_13' title="bbox 315 2226 1811 2305; baseline -0.001 -16"><span class='ocrx_word' id='word_1_116' title='bbox 315 2228 512 2305; x_wconf 90' lang='lat' dir='ltr'>presbytero</span> <span class='ocrx_word' id='word_1_117' title='bbox 543 2226 738 2303; x_wconf 90' lang='lat' dir='ltr'>ordinando,</span> <span class='ocrx_word' id='word_1_118' title='bbox 761 2226 931 2305; x_wconf 83' lang='lat' dir='ltr'>poscitque</span> <span class='ocrx_word' id='word_1_119' title='bbox 952 2243 972 2287; x_wconf 92' lang='lat' dir='ltr'>a</span> <span class='ocrx_word' id='word_1_120' title='bbox 994 2226 1072 2302; x_wconf 90' lang='lat' dir='ltr'>De0,</span> <span class='ocrx_word' id='word_1_121' title='bbox 1095 2228 1130 2288; x_wconf 92' lang='lat' dir='ltr'>ut</span> <span class='ocrx_word' id='word_1_122' title='bbox 1159 2242 1292 2304; x_wconf 91' lang='lat' dir='ltr'>quoque</span> <span class='ocrx_word' id='word_1_123' title='bbox 1314 2226 1360 2288; x_wconf 94' lang='lat' dir='ltr'>illi</span> <span class='ocrx_word' id='word_1_124' title='bbox 1382 2226 1591 2303; x_wconf 84' lang='lat' dir='ltr'>concedatur,</span> <span class='ocrx_word' id='word_1_125' title='bbox 1622 2227 1712 2304; x_wconf 92' lang='lat' dir='ltr'>quod</span> <span class='ocrx_word' id='word_1_126' title='bbox 1743 2244 1811 2288; x_wconf 92' lang='lat' dir='ltr'>non</span> 
     </span>
     <span class='ocr_line' id='line_1_14' title="bbox 313 2362 1812 2441; baseline 0 -16"><span class='ocrx_word' id='word_1_127' title='bbox 313 2364 471 2441; x_wconf 88' lang='lat' dir='ltr'>habehat,</span> <span class='ocrx_word' id='word_1_128' title='bbox 494 2363 523 2425; x_wconf 93' lang='lat' dir='ltr'>i.</span> <span class='ocrx_word' id='word_1_129' title='bbox 546 2380 582 2428; x_wconf 89' lang='lat' dir='ltr'>e.</span> <span class='ocrx_word' id='word_1_130' title='bbox 605 2364 639 2425; x_wconf 95' lang='lat' dir='ltr'>ut</span> <span class='ocrx_word' id='word_1_131' title='bbox 660 2362 792 2425; x_wconf 86' lang='lat' dir='ltr'>accedat</span> <span class='ocrx_word' id='word_1_132' title='bbox 813 2364 855 2424; x_wconf 91' lang='lat' dir='ltr'>ad</span> <span class='ocrx_word' id='word_1_133' title='bbox 877 2379 957 2424; x_wconf 87' lang='lat' dir='ltr'>vasa</span> <span class='ocrx_word' id='word_1_134' title='bbox 985 2378 1090 2437; x_wconf 89' lang='lat' dir='ltr'>sacra,</span> <span class='ocrx_word' id='word_1_135' title='bbox 1111 2364 1253 2440; x_wconf 87' lang='lat' dir='ltr'>seponat</span> <span class='ocrx_word' id='word_1_136' title='bbox 1286 2378 1403 2440; x_wconf 89' lang='lat' dir='ltr'>panem</span> <span class='ocrx_word' id='word_1_137' title='bbox 1436 2362 1627 2440; x_wconf 89' lang='lat' dir='ltr'>oblationis,</span> <span class='ocrx_word' id='word_1_138' title='bbox 1659 2362 1812 2427; x_wconf 83' lang='lat' dir='ltr'>infundat</span> 
     </span>
     <span class='ocr_line' id='line_1_15' title="bbox 315 2494 1811 2575; baseline 0.001 -16"><span class='ocrx_word' id='word_1_139' title='bbox 315 2497 357 2559; x_wconf 90' lang='lat' dir='ltr'>in</span> <span class='ocrx_word' id='word_1_140' title='bbox 379 2496 477 2559; x_wconf 90' lang='lat' dir='ltr'>calice</span> <span class='ocrx_word' id='word_1_141' title='bbox 500 2497 638 2575; x_wconf 87' lang='lat' dir='ltr'>(vinum</span> <span class='ocrx_word' id='word_1_142' title='bbox 656 2502 665 2566; x_wconf 86' lang='lat' dir='ltr'>l</span> <span class='ocrx_word' id='word_1_143' title='bbox 687 2496 938 2559; x_wconf 88' lang='lat' dir='ltr'>eucharisticum</span> <span class='ocrx_word' id='word_1_144' title='bbox 961 2498 993 2559; x_wconf 91' lang='lat' dir='ltr'>et</span> <span class='ocrx_word' id='word_1_145' title='bbox 1014 2494 1149 2559; x_wconf 89' lang='lat' dir='ltr'>misceat</span> <span class='ocrx_word' id='word_1_146' title='bbox 1170 2496 1251 2558; x_wconf 93' lang='lat' dir='ltr'>illud</span> <span class='ocrx_word' id='word_1_147' title='bbox 1274 2496 1449 2575; x_wconf 86' lang='lat' dir='ltr'>moderate,</span> <span class='ocrx_word' id='word_1_148' title='bbox 1471 2498 1502 2559; x_wconf 91' lang='lat' dir='ltr'>et</span> <span class='ocrx_word' id='word_1_149' title='bbox 1523 2496 1678 2575; x_wconf 88' lang='lat' dir='ltr'>disponat</span> <span class='ocrx_word' id='word_1_150' title='bbox 1698 2498 1811 2560; x_wconf 89' lang='lat' dir='ltr'>oblata</span> 
     </span>
     <span class='ocr_line' id='line_1_16' title="bbox 317 2630 1812 2711; baseline 0.001 -18"><span class='ocrx_word' id='word_1_151' title='bbox 317 2648 426 2709; x_wconf 87' lang='lat' dir='ltr'>super</span> <span class='ocrx_word' id='word_1_152' title='bbox 454 2632 566 2707; x_wconf 87' lang='lat' dir='ltr'>altare,</span> <span class='ocrx_word' id='word_1_153' title='bbox 598 2632 767 2711; x_wconf 89' lang='lat' dir='ltr'>provideat</span> <span class='ocrx_word' id='word_1_154' title='bbox 795 2633 906 2695; x_wconf 91' lang='lat' dir='ltr'>decori</span> <span class='ocrx_word' id='word_1_155' title='bbox 939 2630 1062 2709; x_wconf 87' lang='lat' dir='ltr'>altaris,</span> <span class='ocrx_word' id='word_1_156' title='bbox 1083 2634 1193 2697; x_wconf 87' lang='lat' dir='ltr'>teneat</span> <span class='ocrx_word' id='word_1_157' title='bbox 1222 2632 1399 2710; x_wconf 84' lang='lat' dir='ltr'>flabellum,</span> <span class='ocrx_word' id='word_1_158' title='bbox 1430 2632 1673 2711; x_wconf 91' lang='lat' dir='ltr'>adimpleatque</span> <span class='ocrx_word' id='word_1_159' title='bbox 1703 2632 1812 2695; x_wconf 75' lang='lat' dir='ltr'>officia</span> 
     </span>
     <span class='ocr_line' id='line_1_17' title="bbox 314 2768 1810 2849; baseline 0 -18"><span class='ocrx_word' id='word_1_160' title='bbox 314 2772 468 2847; x_wconf 86' lang='lat' dir='ltr'>tempore</span> <span class='ocrx_word' id='word_1_161' title='bbox 489 2768 677 2846; x_wconf 73' lang='lat' dir='ltr'>oblationis</span> <span class='ocrx_word' id='word_1_162' title='bbox 700 2770 864 2849; x_wconf 85' lang='lat' dir='ltr'>praedicet</span> <span class='ocrx_word' id='word_1_163' title='bbox 886 2768 1026 2845; x_wconf 73' lang='lat' dir='ltr'>litanias</span> <span class='ocrx_word' id='word_1_164' title='bbox 1050 2769 1202 2831; x_wconf 82' lang='lat' dir='ltr'>infundat</span> <span class='ocrx_word' id='word_1_165' title='bbox 1222 2786 1343 2848; x_wconf 90' lang='lat' dir='ltr'>aquam</span> <span class='ocrx_word' id='word_1_166' title='bbox 1365 2786 1466 2847; x_wconf 91' lang='lat' dir='ltr'>super</span> <span class='ocrx_word' id='word_1_167' title='bbox 1487 2786 1606 2832; x_wconf 92' lang='lat' dir='ltr'>manus</span> <span class='ocrx_word' id='word_1_168' title='bbox 1627 2770 1810 2849; x_wconf 91' lang='lat' dir='ltr'>episcopo·</span> 
     </span>
     <span class='ocr_line' id='line_1_18' title="bbox 321 2906 1814 2985; baseline 0.001 -17"><span class='ocrx_word' id='word_1_169' title='bbox 321 2922 399 2968; x_wconf 87' lang='lat' dir='ltr'>rum</span> <span class='ocrx_word' id='word_1_170' title='bbox 421 2908 452 2969; x_wconf 91' lang='lat' dir='ltr'>et</span> <span class='ocrx_word' id='word_1_171' title='bbox 474 2906 739 2985; x_wconf 88' lang='lat' dir='ltr'>presbyterorum</span> <span class='ocrx_word' id='word_1_172' title='bbox 772 2908 848 2969; x_wconf 91' lang='lat' dir='ltr'>ante</span> <span class='ocrx_word' id='word_1_173' title='bbox 870 2906 1151 2970; x_wconf 86' lang='lat' dir='ltr'>consecrationem</span> <span class='ocrx_word' id='word_1_174' title='bbox 1183 2906 1362 2969; x_wconf 87' lang='lat' dir='ltr'>oblationis</span> <span class='ocrx_word' id='word_1_175' title='bbox 1384 2906 1446 2983; x_wconf 86' lang='lat' dir='ltr'>(l).</span> <span class='ocrx_word' id='word_1_176' title='bbox 1468 2907 1542 2969; x_wconf 93' lang='lat' dir='ltr'>Non</span> <span class='ocrx_word' id='word_1_177' title='bbox 1576 2908 1673 2971; x_wconf 89' lang='lat' dir='ltr'>habet</span> <span class='ocrx_word' id='word_1_178' title='bbox 1704 2908 1814 2970; x_wconf 90' lang='lat' dir='ltr'>tamen</span> 
     </span>
     <span class='ocr_line' id='line_1_19' title="bbox 323 3041 1817 3121; baseline 0.001 -17"><span class='ocrx_word' id='word_1_179' title='bbox 323 3041 382 3105; x_wconf 87' lang='lat' dir='ltr'>ille</span> <span class='ocrx_word' id='word_1_180' title='bbox 403 3041 415 3118; x_wconf 89' lang='lat'><strong>(</strong></span> <span class='ocrx_word' id='word_1_181' title='bbox 436 3041 465 3105; x_wconf 93' lang='lat' dir='ltr'>i.</span> <span class='ocrx_word' id='word_1_182' title='bbox 488 3059 523 3105; x_wconf 87' lang='lat' dir='ltr'>e.</span> <span class='ocrx_word' id='word_1_183' title='bbox 546 3041 706 3105; x_wconf 90' lang='lat' dir='ltr'>diaconus</span> <span class='ocrx_word' id='word_1_184' title='bbox 726 3042 946 3121; x_wconf 76' lang='lat' dir='ltr'>&gt;potestatem</span> <span class='ocrx_word' id='word_1_185' title='bbox 968 3042 1158 3105; x_wconf 84' lang='lat' dir='ltr'>conferendi</span> <span class='ocrx_word' id='word_1_186' title='bbox 1181 3042 1391 3121; x_wconf 89' lang='lat' dir='ltr'>baptismum,</span> <span class='ocrx_word' id='word_1_187' title='bbox 1413 3043 1441 3105; x_wconf 89' lang='lat' dir='ltr'>si</span> <span class='ocrx_word' id='word_1_188' title='bbox 1464 3044 1636 3121; x_wconf 83' lang='lat' dir='ltr'>presbyter</span> <span class='ocrx_word' id='word_1_189' title='bbox 1657 3060 1817 3121; x_wconf 86' lang='lat' dir='ltr'>praesens</span> 
     </span>
     <span class='ocr_line' id='line_1_20' title="bbox 323 3177 1820 3256; baseline 0.001 -16"><span class='ocrx_word' id='word_1_190' title='bbox 323 3180 392 3241; x_wconf 85' lang='lat' dir='ltr'>est.</span> <span class='ocrx_word' id='word_1_191' title='bbox 423 3177 657 3256; x_wconf 85' lang='lat' dir='ltr'>Nihilominus,</span> <span class='ocrx_word' id='word_1_192' title='bbox 688 3178 715 3239; x_wconf 93' lang='lat' dir='ltr'>si</span> <span class='ocrx_word' id='word_1_193' title='bbox 740 3177 919 3240; x_wconf 90' lang='lat' dir='ltr'>necessitas</span> <span class='ocrx_word' id='word_1_194' title='bbox 950 3178 1064 3256; x_wconf 90' lang='lat' dir='ltr'>aliqua</span> <span class='ocrx_word' id='word_1_195' title='bbox 1095 3177 1243 3256; x_wconf 88' lang='lat' dir='ltr'>imperat,</span> <span class='ocrx_word' id='word_1_196' title='bbox 1266 3180 1302 3240; x_wconf 91' lang='lat' dir='ltr'>ut</span> <span class='ocrx_word' id='word_1_197' title='bbox 1323 3177 1355 3239; x_wconf 92' lang='lat' dir='ltr'>id</span> <span class='ocrx_word' id='word_1_198' title='bbox 1384 3178 1450 3254; x_wconf 85' lang='lat' dir='ltr'>liat,</span> <span class='ocrx_word' id='word_1_199' title='bbox 1481 3177 1628 3241; x_wconf 86' lang='lat' dir='ltr'>conferat</span> <span class='ocrx_word' id='word_1_200' title='bbox 1658 3179 1820 3241; x_wconf 88' lang='lat' dir='ltr'>diaconus</span> 
     </span>
     <span class='ocr_line' id='line_1_21' title="bbox 324 3282 1818 3393; baseline -0.001 -17"><span class='ocrx_word' id='word_1_201' title='bbox 324 3313 549 3392; x_wconf 88' lang='lat' dir='ltr'>baptismum.</span> <span class='ocrx_word' id='word_1_202' title='bbox 571 3313 705 3377; x_wconf 87' lang='lat' dir='ltr'>Misceat</span> <span class='ocrx_word' id='word_1_203' title='bbox 733 3330 849 3393; x_wconf 89' lang='lat' dir='ltr'>nempe</span> <span class='ocrx_word' id='word_1_204' title='bbox 877 3330 997 3391; x_wconf 87' lang='lat' dir='ltr'>aquam</span> <span class='ocrx_word' id='word_1_205' title='bbox 1019 3313 1239 3391; x_wconf 84' lang='lat' dir='ltr'>adhibeatque</span> <span class='ocrx_word' id='word_1_206' title='bbox 1271 3282 1380 3376; x_wconf 92' lang='lat' dir='ltr'>oleum</span> <span class='ocrx_word' id='word_1_207' title='bbox 1403 3314 1570 3377; x_wconf 87' lang='lat' dir='ltr'>unctionis</span> <span class='ocrx_word' id='word_1_208' title='bbox 1590 3316 1818 3377; x_wconf 86' lang='lat' dir='ltr'>consecratum</span> 
     </span>
     <span class='ocr_line' id='line_1_22' title="bbox 324 3449 1819 3529; baseline 0 -16"><span class='ocrx_word' id='word_1_209' title='bbox 324 3451 369 3513; x_wconf 91' lang='lat' dir='ltr'>ab</span> <span class='ocrx_word' id='word_1_210' title='bbox 402 3450 562 3529; x_wconf 89' lang='lat' dir='ltr'>episcopo</span> <span class='ocrx_word' id='word_1_211' title='bbox 594 3456 650 3513; x_wconf 94' lang='lat' dir='ltr'>aut</span> <span class='ocrx_word' id='word_1_212' title='bbox 683 3451 874 3529; x_wconf 89' lang='lat' dir='ltr'>presbytero</span> <span class='ocrx_word' id='word_1_213' title='bbox 895 3449 939 3525; x_wconf 85' lang='lat'>(2)</span> <span class='ocrx_word' id='word_1_214' title='bbox 962 3450 1004 3513; x_wconf 89' lang='lat' dir='ltr'>ad</span> <span class='ocrx_word' id='word_1_215' title='bbox 1035 3449 1237 3528; x_wconf 83' lang='lat' dir='ltr'>signandum</span> <span class='ocrx_word' id='word_1_216' title='bbox 1259 3450 1526 3529; x_wconf 85' lang='lat' dir='ltr'>(baptizandum</span> <span class='ocrx_word' id='word_1_217' title='bbox 1548 3452 1560 3528; x_wconf 90' lang='grc'>)</span> <span class='ocrx_word' id='word_1_218' title='bbox 1582 3451 1679 3529; x_wconf 86' lang='lat' dir='ltr'>signo</span> <span class='ocrx_word' id='word_1_219' title='bbox 1711 3450 1819 3513; x_wconf 89' lang='lat' dir='ltr'>crucis</span> 
     </span>
     <span class='ocr_line' id='line_1_23' title="bbox 325 3585 1820 3666; baseline 0 -17"><span class='ocrx_word' id='word_1_220' title='bbox 325 3586 452 3650; x_wconf 89' lang='lat' dir='ltr'>Christi</span> <span class='ocrx_word' id='word_1_221' title='bbox 468 3586 536 3649; x_wconf 90' lang='lat' dir='ltr'>Dei.</span> <span class='ocrx_word' id='word_1_222' title='bbox 553 3587 626 3649; x_wconf 88' lang='lat' dir='ltr'>Non</span> <span class='ocrx_word' id='word_1_223' title='bbox 650 3586 723 3649; x_wconf 89' lang='lat' dir='ltr'>licet</span> <span class='ocrx_word' id='word_1_224' title='bbox 742 3589 852 3649; x_wconf 87' lang='lat' dir='ltr'>tamen</span> <span class='ocrx_word' id='word_1_225' title='bbox 868 3585 897 3648; x_wconf 91' lang='lat' dir='ltr'>ei</span> <span class='ocrx_word' id='word_1_226' title='bbox 912 3585 1069 3664; x_wconf 89' lang='lat' dir='ltr'>Spiritum</span> <span class='ocrx_word' id='word_1_227' title='bbox 1093 3586 1250 3649; x_wconf 84' lang='lat' dir='ltr'>Sanctum</span> <span class='ocrx_word' id='word_1_228' title='bbox 1273 3586 1424 3649; x_wconf 89' lang='lat' dir='ltr'>invocare</span> <span class='ocrx_word' id='word_1_229' title='bbox 1447 3604 1547 3665; x_wconf 89' lang='lat' dir='ltr'>super</span> <span class='ocrx_word' id='word_1_230' title='bbox 1567 3605 1674 3666; x_wconf 87' lang='lat' dir='ltr'>aquas</span> <span class='ocrx_word' id='word_1_231' title='bbox 1696 3587 1820 3666; x_wconf 88' lang='lat' dir='ltr'>baptis·</span> 
     </span>
     <span class='ocr_line' id='line_1_24' title="bbox 328 3721 1820 3802; baseline -0.001 -15"><span class='ocrx_word' id='word_1_232' title='bbox 328 3726 436 3787; x_wconf 90' lang='lat' dir='ltr'>males</span> <span class='ocrx_word' id='word_1_233' title='bbox 456 3724 519 3800; x_wconf 77' lang='grc'>(3).</span> <span class='ocrx_word' id='word_1_234' title='bbox 542 3723 672 3799; x_wconf 90' lang='lat' dir='ltr'>Quibus</span> <span class='ocrx_word' id='word_1_235' title='bbox 694 3724 740 3786; x_wconf 90' lang='lat' dir='ltr'>ita</span> <span class='ocrx_word' id='word_1_236' title='bbox 762 3722 911 3801; x_wconf 69' lang='lat' dir='ltr'>peractis</span> <span class='ocrx_word' id='word_1_237' title='bbox 934 3722 1168 3801; x_wconf 86' lang='lat' dir='ltr'>baptizandum</span> <span class='ocrx_word' id='word_1_238' title='bbox 1201 3721 1343 3801; x_wconf 90' lang='lat' dir='ltr'>baptizet</span> <span class='ocrx_word' id='word_1_239' title='bbox 1365 3722 1397 3784; x_wconf 93' lang='lat' dir='ltr'>in</span> <span class='ocrx_word' id='word_1_240' title='bbox 1419 3740 1507 3802; x_wconf 91' lang='lat' dir='ltr'>aqua</span> <span class='ocrx_word' id='word_1_241' title='bbox 1528 3723 1561 3785; x_wconf 93' lang='lat' dir='ltr'>in</span> <span class='ocrx_word' id='word_1_242' title='bbox 1585 3724 1719 3787; x_wconf 87' lang='lat' dir='ltr'>nomine</span> <span class='ocrx_word' id='word_1_243' title='bbox 1738 3722 1820 3786; x_wconf 86' lang='lat' dir='ltr'>Tri·</span> 
     </span>
     <span class='ocr_line' id='line_1_25' title="bbox 331 3858 1822 3939; baseline 0 -16"><span class='ocrx_word' id='word_1_244' title='bbox 331 3862 457 3937; x_wconf 82' lang='lat' dir='ltr'>nitatis,</span> <span class='ocrx_word' id='word_1_245' title='bbox 488 3862 519 3923; x_wconf 91' lang='lat' dir='ltr'>et</span> <span class='ocrx_word' id='word_1_246' title='bbox 550 3864 625 3939; x_wconf 89' lang='lat' dir='ltr'>post</span> <span class='ocrx_word' id='word_1_247' title='bbox 660 3861 740 3922; x_wconf 89' lang='lat' dir='ltr'>haee</span> <span class='ocrx_word' id='word_1_248' title='bbox 773 3862 926 3937; x_wconf 88' lang='lat' dir='ltr'>praebeat</span> <span class='ocrx_word' id='word_1_249' title='bbox 957 3859 984 3921; x_wconf 91' lang='lat' dir='ltr'>ei</span> <span class='ocrx_word' id='word_1_250' title='bbox 1017 3858 1248 3922; x_wconf 88' lang='lat' dir='ltr'>eucharistiam</span> <span class='ocrx_word' id='word_1_251' title='bbox 1281 3862 1507 3923; x_wconf 90' lang='lat' dir='ltr'>consecratam</span> <span class='ocrx_word' id='word_1_252' title='bbox 1530 3877 1551 3922; x_wconf 91' lang='lat' dir='ltr'>a</span> <span class='ocrx_word' id='word_1_253' title='bbox 1571 3862 1757 3923; x_wconf 89' lang='lat' dir='ltr'>sacerdote.</span> <span class='ocrx_word' id='word_1_254' title='bbox 1779 3860 1822 3923; x_wconf 92' lang='lat' dir='ltr'>Ut</span> 
     </span>
    </p>
   </div>
   <div class='ocr_carea' id='block_1_7' title="bbox 338 4215 1828 4744">
    <p class='ocr_par' dir='ltr' id='par_1_8' title="bbox 338 4215 1825 4405">
     <span class='ocr_line' id='line_1_26' title="bbox 371 4215 1825 4290; baseline 0.002 -18"><span class='ocrx_word' id='word_1_255' title='bbox 371 4218 416 4283; x_wconf 90' lang='lat' dir='ltr'>(l)</span> <span class='ocrx_word' id='word_1_256' title='bbox 437 4215 492 4273; x_wconf 88' lang='lat' dir='ltr'>Hic</span> <span class='ocrx_word' id='word_1_257' title='bbox 512 4218 702 4273; x_wconf 88' lang='lat' dir='ltr'>recensentur</span> <span class='ocrx_word' id='word_1_258' title='bbox 719 4218 804 4275; x_wconf 90' lang='lat' dir='ltr'>varia</span> <span class='ocrx_word' id='word_1_259' title='bbox 823 4234 945 4276; x_wconf 90' lang='lat' dir='ltr'>munera</span> <span class='ocrx_word' id='word_1_260' title='bbox 966 4220 1180 4276; x_wconf 88' lang='lat' dir='ltr'>diaconorum.</span> <span class='ocrx_word' id='word_1_261' title='bbox 1200 4217 1253 4276; x_wconf 81' lang='lat' dir='ltr'>cf.</span> <span class='ocrx_word' id='word_1_262' title='bbox 1272 4218 1362 4275; x_wconf 87' lang='lat' dir='ltr'>etiam</span> <span class='ocrx_word' id='word_1_263' title='bbox 1382 4234 1458 4290; x_wconf 91' lang='lat' dir='ltr'>quae</span> <span class='ocrx_word' id='word_1_264' title='bbox 1486 4218 1656 4276; x_wconf 88' lang='lat' dir='ltr'>dictasunt</span> <span class='ocrx_word' id='word_1_265' title='bbox 1683 4234 1775 4289; x_wconf 90' lang='lat' dir='ltr'>supra</span> <span class='ocrx_word' id='word_1_266' title='bbox 1795 4220 1825 4275; x_wconf 94' lang='lat' dir='ltr'>in</span> 
     </span>
     <span class='ocr_line' id='line_1_27' title="bbox 338 4329 1625 4405; baseline 0.002 -19"><span class='ocrx_word' id='word_1_267' title='bbox 338 4329 554 4401; x_wconf 84' lang='lat' dir='ltr'>praenotandis</span> <span class='ocrx_word' id='word_1_268' title='bbox 573 4332 606 4387; x_wconf 82' lang='lat'>30</span> <span class='ocrx_word' id='word_1_269' title='bbox 625 4331 661 4387; x_wconf 90' lang='lat' dir='ltr'>de</span> <span class='ocrx_word' id='word_1_270' title='bbox 681 4330 862 4388; x_wconf 81' lang='lat' dir='ltr'>infundenda</span> <span class='ocrx_word' id='word_1_271' title='bbox 881 4348 960 4405; x_wconf 87' lang='lat' dir='ltr'>aqua</span> <span class='ocrx_word' id='word_1_272' title='bbox 978 4335 1016 4391; x_wconf 92' lang='lat' dir='ltr'>ad</span> <span class='ocrx_word' id='word_1_273' title='bbox 1037 4348 1143 4390; x_wconf 89' lang='lat' dir='ltr'>manus</span> <span class='ocrx_word' id='word_1_274' title='bbox 1163 4331 1299 4402; x_wconf 86' lang='lat' dir='ltr'>episcopi</span> <span class='ocrx_word' id='word_1_275' title='bbox 1319 4333 1348 4388; x_wconf 94' lang='lat' dir='ltr'>et</span> <span class='ocrx_word' id='word_1_276' title='bbox 1367 4334 1625 4404; x_wconf 89' lang='lat' dir='ltr'>presbyterorum.</span> 
     </span>
    </p>

    <p class='ocr_par' dir='ltr' id='par_1_9' title="bbox 341 4442 1828 4631">
     <span class='ocr_line' id='line_1_28' title="bbox 376 4442 1828 4516; baseline 0.001 -15"><span class='ocrx_word' id='word_1_277' title='bbox 376 4445 422 4509; x_wconf 73' lang='lat' dir='ltr'>l2)</span> <span class='ocrx_word' id='word_1_278' title='bbox 440 4442 554 4499; x_wconf 85' lang='lat' dir='ltr'>Exinde</span> <span class='ocrx_word' id='word_1_279' title='bbox 572 4443 686 4501; x_wconf 88' lang='lat' dir='ltr'>eruitur</span> <span class='ocrx_word' id='word_1_280' title='bbox 703 4445 801 4502; x_wconf 94' lang='lat' dir='ltr'>oleum</span> <span class='ocrx_word' id='word_1_281' title='bbox 823 4446 973 4504; x_wconf 89' lang='lat' dir='ltr'>unctionis</span> <span class='ocrx_word' id='word_1_282' title='bbox 992 4448 1053 4502; x_wconf 92' lang='lat' dir='ltr'>tum</span> <span class='ocrx_word' id='word_1_283' title='bbox 1073 4448 1111 4503; x_wconf 87' lang='lat' dir='ltr'>ab</span> <span class='ocrx_word' id='word_1_284' title='bbox 1141 4445 1285 4516; x_wconf 91' lang='lat' dir='ltr'>episcopo</span> <span class='ocrx_word' id='word_1_285' title='bbox 1304 4447 1386 4501; x_wconf 82' lang='lat' dir='ltr'>extra</span> <span class='ocrx_word' id='word_1_286' title='bbox 1413 4446 1595 4516; x_wconf 89' lang='lat' dir='ltr'>baptismum</span> <span class='ocrx_word' id='word_1_287' title='bbox 1615 4448 1677 4503; x_wconf 91' lang='lat' dir='ltr'>tum</span> <span class='ocrx_word' id='word_1_288' title='bbox 1700 4446 1789 4503; x_wconf 89' lang='lat' dir='ltr'>etiam</span> <span class='ocrx_word' id='word_1_289' title='bbox 1808 4461 1828 4503; x_wconf 91' lang='lat' dir='ltr'>a</span> 
     </span>
     <span class='ocr_line' id='line_1_29' title="bbox 341 4556 1584 4631; baseline 0.004 -18"><span class='ocrx_word' id='word_1_290' title='bbox 341 4559 516 4629; x_wconf 77' lang='lat' dir='ltr'>presbytero</span> <span class='ocrx_word' id='word_1_291' title='bbox 538 4556 613 4613; x_wconf 88' lang='lat' dir='ltr'>intra</span> <span class='ocrx_word' id='word_1_292' title='bbox 632 4558 774 4628; x_wconf 88' lang='lat' dir='ltr'>baptismi</span> <span class='ocrx_word' id='word_1_293' title='bbox 795 4558 884 4617; x_wconf 89' lang='lat' dir='ltr'>ritum</span> <span class='ocrx_word' id='word_1_294' title='bbox 904 4559 1038 4617; x_wconf 88' lang='lat' dir='ltr'>benedici</span> <span class='ocrx_word' id='word_1_295' title='bbox 1059 4574 1168 4629; x_wconf 88' lang='lat' dir='ltr'>posse.</span> <span class='ocrx_word' id='word_1_296' title='bbox 1186 4559 1264 4615; x_wconf 87' lang='lat' dir='ltr'>Vid.</span> <span class='ocrx_word' id='word_1_297' title='bbox 1284 4573 1377 4629; x_wconf 88' lang='lat' dir='ltr'>supra</span> <span class='ocrx_word' id='word_1_298' title='bbox 1395 4561 1434 4616; x_wconf 90' lang='lat' dir='ltr'>ad</span> <span class='ocrx_word' id='word_1_299' title='bbox 1454 4574 1530 4631; x_wconf 81' lang='lat' dir='ltr'>pag.</span> <span class='ocrx_word' id='word_1_300' title='bbox 1548 4562 1584 4618; x_wconf 74' lang='lat'>57</span> 
     </span>
    </p>

    <p class='ocr_par' dir='ltr' id='par_1_10' title="bbox 382 4656 1590 4744">
     <span class='ocr_line' id='line_1_30' title="bbox 382 4656 1590 4744; baseline 0.002 -17"><span class='ocrx_word' id='word_1_301' title='bbox 382 4674 426 4739; x_wconf 81' lang='grc'>(3)</span> <span class='ocrx_word' id='word_1_302' title='bbox 444 4670 565 4730; x_wconf 87' lang='lat' dir='ltr'>Scilicet</span> <span class='ocrx_word' id='word_1_303' title='bbox 583 4671 630 4729; x_wconf 89' lang='lat' dir='ltr'>las</span> <span class='ocrx_word' id='word_1_304' title='bbox 649 4674 778 4729; x_wconf 91' lang='lat' dir='ltr'>diacono</span> <span class='ocrx_word' id='word_1_305' title='bbox 798 4688 857 4729; x_wconf 92' lang='lat' dir='ltr'>non</span> <span class='ocrx_word' id='word_1_306' title='bbox 877 4676 924 4730; x_wconf 91' lang='lat' dir='ltr'>est</span> <span class='ocrx_word' id='word_1_307' title='bbox 942 4676 974 4731; x_wconf 91' lang='lat' dir='ltr'>ut</span> <span class='ocrx_word' id='word_1_308' title='bbox 992 4674 1105 4732; x_wconf 87' lang='lat' dir='ltr'>iontem</span> <span class='ocrx_word' id='word_1_309' title='bbox 1125 4673 1335 4744; x_wconf 89' lang='lat' dir='ltr'>baptismalem</span> <span class='ocrx_word' id='word_1_310' title='bbox 1354 4673 1527 4731; x_wconf 89' lang='lat' dir='ltr'>benedicat.</span> <span class='ocrx_word' id='word_1_311' title='bbox 1587 4656 1590 4662; x_wconf 72' lang='grc'><strong>’</strong></span> 
     </span>
    </p>
   </div>
   <div class='ocr_carea' id='block_1_8' title="bbox 0 0 2311 6308">
    <p class='ocr_par' dir='ltr' id='par_1_11' title="bbox 0 0 2311 6308">
     <span class='ocr_line' id='line_1_31' title="bbox 0 0 2311 6308; baseline 0 0"><span class='ocrx_word' id='word_1_312' title='bbox 0 0 2311 6308; x_wconf 95' lang='lat' dir='ltr'> </span> 
     </span>
    </p>
   </div>
  </div>
 </body>
</html>
