4584 6309
1154 614 1193 625 ..
1213 581 1253 643 70
1274 613 1312 628 -

481 722 602 784 multos
633 720 816 802 episcopos,
849 720 1107 798 innumerosque
1140 719 1350 800 presbyteros
1381 720 1605 802 diaconosque
1637 722 1806 801 usquead
1835 723 1964 785 centum

480 857 585 922 millia
607 858 652 921 uti
683 856 787 920 fertur
807 856 870 934 (1).
892 855 977 918 Hinc
1009 857 1058 918 est
1079 857 1169 934 quod
1200 857 1452 939 monophysitae
1472 861 1541 921 tum
1565 874 1623 939 per
1652 858 1781 938 Syriam
1810 861 1879 922 turn
1911 874 1968 938 per

477 996 659 1076 Aegyptum
682 995 723 1058 ab
746 993 908 1058 haeretico
930 994 993 1057 isto
1015 994 1131 1057 iacobo
1153 996 1333 1089 nuncupati
1355 995 1477 1059 inerint
1497 995 1676 1060 iacobitae.

589 1130 693 1193 Porro
721 1129 755 1192 in
785 1129 912 1192 edenda
942 1128 1103 1193 eiusmodi
1136 1131 1276 1209 epistola
1309 1131 1391 1196 iliud
1422 1131 1519 1194 nobis
1553 1131 1780 1212 proponimus,
1802 1134 1838 1196 ut
1858 1134 1966 1212 palam

481 1268 665 1332 innotescat
717 1265 826 1345 ipsum
869 1266 1061 1329 Anthimum
1110 1267 1305 1330 acerrimum
1348 1267 1652 1347 monophysitarum
1692 1267 1852 1333 fautorem
1902 1286 1968 1332 non

481 1404 643 1468 immerito
672 1404 814 1484 graviter
845 1403 1095 1482 reprehendisse
1128 1405 1279 1469 Iacobum
1312 1404 1416 1484 illum,
1444 1423 1541 1485 quem
1563 1406 1636 1486 Syri
1658 1407 1690 1469 et
1710 1406 1858 1487 Aegyptii
1887 1424 1969 1470 suae

477 1542 590 1605 'sectae
613 1544 834 1620 reparatorem
856 1541 1034 1619 appeliant,
1051 1556 1117 1604 non
1132 1543 1260 1605 tantum
1283 1542 1372 1620 quod
1395 1545 1524 1622 praeter
1546 1542 1771 1606 necessitatem
1793 1543 1969 1606 ordinatio

483 1695 542 1741 nes
563 1679 755 1742 innumeras
775 1677 896 1756 iecerit,
918 1680 976 1742 sed
998 1680 1089 1759 quod
1111 1678 1185 1760 ipsa
1205 1694 1319 1743 sacrae
1340 1678 1522 1757 scripturae
1545 1678 1749 1758 praescripta
1769 1678 1969 1742 ecciesiasti-

481 1830 605 1893 cosque
626 1831 772 1879 canones
793 1815 964 1880 violaverit
978 1815 1011 1879 in
1029 1814 1264 1896 promovendis
1285 1815 1327 1880 ad
1343 1813 1485 1879 maiores
1504 1815 1628 1895 gradus
1649 1814 1800 1896 bigamos
1821 1815 1969 1894 aliosque

482 1951 653 2032 indignos.

533 4555 873 4572 m

528 4701 572 4769 (l)
591 4697 644 4759 Ci.
664 4701 767 4761 Klein.
787 4701 913 4759 lacobus
932 4699 1114 4770 Bar-adaeus,
1133 4698 1171 4756 de
1189 4698 1308 4756 Sticher
1325 4700 1379 4756 der
1396 4697 1532 4770 syrische
1550 4696 1827 4772 monophysitiscne
1846 4697 1923 4761 iteri<
