4584 6309
1131 628 1170 641 ..
1191 598 1233 661 22
1253 630 1291 644 ..

573 727 612 792 Et
634 727 743 791 statim
765 727 881 809 vigiles
902 729 1017 794 dicunt
1038 731 1182 811 hymnos
1203 736 1266 812 (l).

573 864 612 927 Et
632 864 779 927 adfertur
799 880 887 943 aqua
908 864 1091 931 ablutionis
1112 870 1156 932 ad
1177 870 1369 950 episcopum
1392 873 1423 935 et
1444 874 1485 935 ad
1508 891 1624 938 omnes
1645 878 1855 957 presbyteros
1878 876 1954 953 (2).

572 1000 613 1063 Et
633 1000 748 1064 introit
768 1000 946 1081 episcopus
967 1006 999 1066 et
1019 1006 1084 1070 stat
1105 1008 1183 1070 ante
1204 1009 1317 1086 altare,
1338 1010 1371 1071 et
1392 1008 1481 1073 illico
1503 1010 1666 1090 incipiunt
1695 1015 1823 1092 psaltae
1842 1024 1982 1075 canere

466 1135 601 1198 alleluia
622 1152 731 1199 coram
755 1138 921 1217 mysteriis
936 1141 999 1216 (3).

572 1274 612 1337 Et
632 1289 706 1336 cum
730 1273 927 1353 perveniunt
947 1277 989 1340 ad
1013 1280 1141 1356 portam
1163 1280 1279 1343 altaris
1299 1282 1495 1361 aperiuntur
1515 1285 1606 1347 vela.

572 1408 612 1473 Et
631 1409 741 1475 statim
764 1427 803 1474 ac
825 1412 980 1490 mysteria
1011 1412 1237 1493 disponuntur
1257 1432 1359 1494 super
1379 1418 1491 1497 altare,
1511 1420 1621 1482 adolet
1650 1418 1826 1499 episcopus
1853 1420 1978 1493 thura,

465 1548 498 1611 et
520 1547 634 1611 dicunt
655 1548 896 1627 professionem
918 1548 994 1612 lidei
1017 1550 1081 1627 (4).

1171 1701 1264 1765 finis

501 1936 546 2001 (l)
566 1932 692 1991 Cantica
711 1950 788 2007 quae
817 1938 888 2007 post
916 1938 1062 1995 dimissos
1081 1941 1313 1997 catechumenos
1341 1941 1503 1998 concinunt
1527 1942 1634 2015 vigiles
1654 1945 1836 2014 respondent
1854 1944 1982 2014 hymno

470 2062 520 2133 qui
551 2062 581 2117 in
611 2062 734 2135 liturgia
761 2078 900 2135 syrorum
930 2065 1041 2122 dicitur
1068 2062 1245 2141 “introitus„
1265 2071 1278 2135 (
1302 2058 1427 2145 Ιῐλῦοῑ
1447 2050 1507 2141 lla
1530 2074 1559 2143 ),
1580 2071 1609 2126 ln
1637 2072 1758 2143 liturgia
1785 2070 1984 2129 Nestoriana

465 2185 590 2245 “cantus
627 2190 860 2263 mysteriorum„
879 2194 891 2258 (
908 2179 985 2270 ll‘l‘ly
1000 2183 1151 2265 lit-m.
1167 2199 1197 2268 ),
1217 2196 1247 2252 in
1272 2199 1394 2271 liturgia
1421 2198 1586 2271 Byzantina
1605 2171 1789 2256 X⁸P⁰⁰i3⁰i⁰⁹
1803 2170 1909 2257 tjiiim·
1942 2197 1981 2252 ln

459 2313 583 2387 liturgia
600 2316 700 2373 autem
720 2318 921 2377 Alexandrina
938 2324 1096 2392 coptorum
1116 2325 1201 2380 deest
1219 2324 1338 2396 quidem
1359 2326 1487 2397 hymnus
1506 2324 1654 2394 introitus,
1667 2324 1721 2378 sed
1741 2322 1847 2378 recitat
1864 2336 1978 2379 sacer-

460 2444 518 2499 dos
538 2441 723 2501 “orationem
743 2446 819 2517 veli„
838 2462 915 2518 quae
934 2450 981 2505 est
999 2450 1097 2506 oratio
1117 2453 1156 2507 ad
1176 2451 1348 2508 introitum.

497 2570 541 2640 (2)
559 2570 636 2627 Tum
657 2571 821 2643 episcopus
841 2574 903 2630 tum
934 2577 1101 2647 presbyteri
1121 2577 1172 2649 qui
1192 2578 1219 2633 ei
1238 2580 1362 2634 adstant
1380 2579 1419 2634 ad
1438 2578 1622 2633 offerendum
1652 2575 1835 2633 sacrificium
1856 2589 1983 2631 manus

460 2700 571 2771 lavant,
590 2701 671 2771 quod
691 2702 721 2755 et
741 2700 839 2758 innuit
856 2704 964 2759 auctor
982 2701 1024 2761 C.
1044 2705 1087 2761 Α.
1107 2704 1137 2761 in
1157 2705 1217 2761 lib.
1236 2706 1300 2762 Vlll
1317 2721 1351 2763 c.
1373 2707 1414 2773 ll,
1434 2706 1489 2761 hac
1508 2706 1607 2760 tamen
1627 2703 1803 2773 differentia,
1823 2703 1912 2773 quod
1935 2716 1983 2759 ex

462 2829 568 2883 nostro
589 2826 771 2885 documento
791 2827 869 2887 lotio
889 2843 1030 2887 manuum
1050 2830 1086 2887 lit
1105 2831 1208 2888 statim
1229 2833 1299 2903 post
1318 2832 1463 2904 hymnum
1485 2830 1633 2900 introitus,
1644 2829 1674 2885 in
1693 2828 1730 2885 C.
1748 2828 1783 2885 h.
1801 2829 1881 2885 lotio
1901 2832 1987 2885 sub·

460 2954 600 3026 sequitur
627 2955 767 3012 osculum
798 2956 900 3026 pacis.
920 2956 1016 3014 Porro
1036 2958 1067 3015 in
1087 2959 1234 3015 hodierna
1261 2957 1384 3030 liturgia
1404 2957 1590 3013 Antiocheno
1617 2956 1761 3027 Syrorum
1781 2969 1837 3013 nec
1857 2970 1926 3012 non
1949 2956 1988 3012 in

458 3082 661 3141 Alexandrina
689 3081 765 3139 lotio
784 3082 818 3140 lit
836 3086 907 3155 post
939 3085 1117 3143 introitum.
1136 3086 1273 3157 Liturgia
1299 3087 1400 3142 autem
1428 3084 1607 3141 Nestoriana
1626 3082 1803 3153 praescribit
1821 3083 1987 3139 lotionem

458 3212 530 3281 post
548 3208 697 3266 dimissos
715 3210 948 3269 catechumenos
968 3213 997 3269 et
1016 3214 1085 3269 ante
1105 3212 1279 3269 introitum.
1297 3211 1432 3269 Tandem
1446 3211 1476 3267 iu
1495 3210 1635 3281 liturgiae
1648 3208 1830 3280 Byzantinae
1849 3210 1961 3267 codici
1975 3238 1989 3250 ·

457 3344 515 3399 hus
534 3339 726 3398 desideratur
744 3339 881 3409 praecisa
902 3340 1014 3397 mentio
1034 3340 1161 3396 lotionis
1180 3353 1323 3397 manuum
1343 3338 1524 3395 celebrantis
1542 3339 1580 3394 ad
1601 3336 1771 3393 introitum.

493 3470 538 3535 (3)
559 3467 641 3525 iuxta
660 3466 700 3525 C.
721 3468 760 3525 Α.
781 3468 807 3526 l.
826 3468 889 3524 Vlll
908 3482 940 3524 c.
964 3468 996 3523 l2
1015 3469 1097 3523 dona
1116 3467 1156 3522 ad
1174 3467 1270 3521 altare
1288 3464 1442 3521 atterenda
1460 3464 1532 3519 sunt
1550 3465 1620 3532 post
1637 3463 1773 3518 osculum
1795 3463 1908 3532 pacis:
1926 3464 1987 3522 hic

455 3596 555 3652 autem
576 3594 689 3653 dicitur
707 3596 788 3667 quod
809 3597 881 3666 post
898 3596 1020 3651 cantum
1041 3594 1221 3665 hymnorum
1243 3590 1396 3660 introitus,
1415 3590 1618 3660 lotionemque
1637 3602 1778 3645 manuum
1798 3590 1987 3661 episcopus

454 3723 525 3778 ante
543 3724 639 3779 altare
667 3722 752 3779 sistit
770 3724 800 3779 et
819 3723 901 3778 dona
918 3720 957 3775 ad
979 3717 1079 3789 ipsum
1109 3718 1193 3773 nulla
1212 3718 1274 3775 alia
1293 3715 1422 3772 solemni
1443 3730 1554 3785 pompa
1572 3713 1734 3771 atteruntur
1753 3717 1987 3787 praeterquam

456 3832 537 3901 quod
566 3845 669 3887 coram
691 3830 730 3887 iis
750 3830 868 3900 psaltae
895 3828 1007 3883 canant
1024 3824 1164 3881 alleluia.
1183 3825 1226 3881 Ex
1245 3840 1306 3896 quo
1325 3823 1564 3879 concludendum
1592 3821 1716 3893 videtur,
1743 3823 1886 3892 ternpore
1916 3841 1992 3895 quo

456 3958 594 4015 nostrum
614 3958 828 4015 documentum
848 3954 962 4012 editum
982 3952 1047 4024 fuit,
1066 3953 1200 4008 nondum
1219 3951 1317 4008 luisse
1338 3910 1541 4006 introductum
1561 3947 1650 4003 ritum
1663 3946 1714 4017 qui
1727 3946 1841 4003 dicitur
1853 3946 1998 4023 “magni

457 4066 650 4139 ingressus„

491 4196 536 4261 (4)
556 4193 723 4266 Postquam
743 4192 825 4249 dona
844 4190 957 4247 luerint
975 4186 1130 4259 disposita
1148 4200 1242 4256 super
1253 4184 1351 4241 altare
1364 4179 1587 4249 adoleveritque
1598 4178 1760 4249 episcopus
1773 4182 1879 4254 thura,
1895 4184 2000 4256 “pro-

453 4322 618 4379 fessionem
638 4320 726 4391 lidei„
740 4318 882 4375 enunciat
900 4317 1025 4373 coetus.
1044 4314 1091 4369 nd
1110 4312 1180 4369 fidei
1200 4313 1304 4368 autem
1325 4304 1547 4379 professionem
1566 4303 1759 4360 emittendam
1780 4307 1919 4366 minime
1934 4316 1999 4370 ad.

454 4450 537 4507 hibet
556 4448 738 4505 vocabulum
762 4444 888 4517 ‘'credo„
908 4443 954 4499 vel
975 4440 1182 4509 ‘'credimus„.
1201 4436 1331 4493 Videtur
1349 4430 1456 4487 exinde
1474 4429 1604 4484 formula
1621 4427 1752 4484 Nicoena
1770 4446 1808 4485 eo
1829 4434 1998 4506 ternpore

454 4558 587 4615 nondum
608 4556 638 4613 in
657 4554 811 4641 liturgiam
832 4553 973 4611 inducta.
994 4548 1090 4607 Porro
1110 4540 1416 4603 animadvertendum
1436 4536 1484 4592 est
1503 4534 1533 4591 in
1552 4533 1671 4605 liturgia
1690 4533 1864 4605 Byzantina
1885 4558 1966 4614 sym
1983 4573 1998 4587 .

452 4688 555 4745 bolum
576 4684 644 4743 lidei
664 4685 736 4756 post
754 4680 840 4754 pacis
859 4676 1000 4737 osculum
1020 4672 1184 4731 collocari.
