4584 6309
1161 612 1199 623 -
1221 580 1261 641 02
1281 611 1321 622 ..

603 716 775 779 Praeterea
806 714 1013 777 diaconissae
1040 716 1188 793 tempore
1210 713 1382 778 ministerii
1404 712 1583 776 oblationis
1604 715 1694 777 stant
1713 712 1756 777 ad
1778 713 1898 777 ostium
1920 729 1976 775 ec·

497 854 615 917 clesiae
638 853 672 915 in
695 852 752 915 illa
773 853 865 930 parte
886 866 970 929 quae
1001 852 1222 929 occupatura
1243 851 1446 928 mulieribus,
1469 867 1510 914 ne
1530 850 1591 913 viri
1613 854 1701 916 stent
1720 870 1794 915 cunr
1827 851 1978 915 mulieri-

497 994 560 1054 bus
582 990 849 1069 ingrediaturque
871 986 918 1050 sic
933 987 967 1050 in
983 987 1153 1050 ecclesiam
1177 986 1235 1050 Dei
1258 987 1414 1050 lascivia.
1436 987 1651 1050 Diaconissae
1673 988 1810 1067 insuper
1830 988 1979 1051 cohibent

496 1128 662 1205 muliereS,
684 1143 769 1205 quae
802 1124 948 1187 nondum
980 1127 1198 1203 susceperunt
1227 1125 1433 1204 signaculum
1455 1125 1499 1187 ab
1520 1124 1689 1188 intuendis
1721 1126 1886 1204 mysteriis
1907 1141 1976 1186 eum

498 1264 720 1343 perficiuntur,
742 1264 840 1341 atque
861 1263 903 1324 ab
924 1261 1100 1324 audiendis
1130 1261 1242 1324 verbis
1271 1262 1394 1325 sacris.
1415 1261 1562 1324 Tandem
1594 1261 1753 1324 incumbit
1784 1261 1979 1324 diaconissis

499 1418 622 1464 munus
644 1401 796 1465 hortandi
818 1400 904 1463 tilias
925 1398 1059 1462 foederis
1080 1416 1185 1477 aeque
1206 1416 1245 1461 ac
1267 1399 1370 1463 laicas
1391 1403 1427 1462 ut
1448 1402 1533 1463 recte
1554 1417 1590 1462 se
1610 1403 1727 1479 gerant
1747 1400 1813 1476 (1).

608 1540 644 1599 15
664 1538 728 1613 Qui
752 1538 853 1617 probe
883 1536 973 1615 cupit
993 1535 1164 1598 addiscere
1185 1552 1224 1597 ea
1244 1553 1330 1614 quae
1357 1539 1507 1615 spectant
1527 1537 1569 1599 ad
1591 1537 1740 1600 ordinem
1763 1540 1795 1600 et
1817 1537 1987 1617 mysteria,-

498 1674 666 1739 sufficiunt
687 1674 734 1736 illi
757 1674 925 1753 epistolae,
947 1688 1031 1750 quas
1053 1672 1094 1734 ad
1114 1671 1322 1735 Timotheum
1345 1676 1376 1735 et
1395 1673 1503 1736 Titum
1533 1691 1615 1736 suos
1635 1672 1819 1753 discipulos
1851 1673 1981 1753 scripsit

499 1813 615 1875 beatus
637 1810 771 1889 Paulus,
793 1827 800 1872 :
824 1810 857 1872 in
880 1810 921 1873 iis
953 1810 1040 1873 enim
1063 1810 1157 1872 docet
1178 1812 1259 1888 quot
1278 1807 1451 1872 'annorum
1473 1813 1602 1889 oportet
1624 1812 1660 1873 ut
1679 1810 1747 1873 sint
1769 1812 1980 1889 promovendi

497 1948 539 2011 ad
562 1948 640 2011 illos
670 1947 793 2026 gradus
814 1947 846 2009 et
867 1946 1034 2026 quomodo
1065 1962 1101 2008 se
1122 1946 1264 2008 debeant
1293 1962 1406 2025 gerere
1448 1948 1517 2009 tum
1540 1946 1568 2008 si
1589 1945 1650 2009 viri
1684 1949 1754 2011 turn
1777 1948 1805 2011 si
1829 1949 1981 2012 mulieres

498 2084 639 2147 fuerint.

608 2220 644 2282 lb
664 2218 931 2298 chorepiscopus
953 2218 1037 2280 idem
1060 2219 1158 2280 sonat
1177 2234 1216 2280 ac
1237 2217 1413 2296 episcopus
1435 2234 1593 2297 pagorum
1609 2220 1670 2296 (2).
1691 2220 1765 2283 Non
1788 2223 1896 2283 autem
1920 2238 1983 2283 ma·

499 2374 563 2420 nus
585 2356 647 2436 ipsi
671 2356 860 2435 imponitur,
883 2371 988 2433 neque
1010 2370 1206 2434 supereum
1227 2354 1408 2418 litoratio.
1430 2355 1487 2416 Est
1508 2354 1563 2417 ille
1585 2357 1763 2435 presbyter,
1785 2356 1838 2419 cui
1860 2359 1981 2419 solum·

499 2495 598 2557 modo
630 2493 814 2573 impertitur
844 2491 989 2570 episcopi
1022 2490 1205 2553 benedictio
1235 2490 1412 2554 coniuncta
1440 2508 1514 2554 cum
1546 2493 1748 2569 auctoritate,
1769 2494 1848 2557 data
1879 2494 1982 2557 eidem

499 2632 652 2695 iacultate
674 2631 709 2691 ut
729 2628 838 2691 visitet
859 2628 872 2703 (
893 2627 1028 2706 pagos)
1050 2627 1161 2705 quoad
1192 2628 1350 2707 placuerit
1371 2629 1538 2707 praedicto
1569 2629 1734 2709 episcopo,
1755 2629 1807 2692 cui
1831 2633 1891 2709 est,
1913 2648 1984 2693 cunr

498 2766 648 2843 volucrit,
680 2764 820 2827 cundem
852 2778 1039 2825 removere.
1062 2764 1169 2825 Locus
1200 2762 1272 2826 eius
1294 2764 1328 2826 in
1351 2765 1500 2828 sedendo
1530 2765 1592 2828 erit
1620 2765 1716 2829 sicuti
1738 2768 1808 2829 erat
1838 2768 1985 2846 tempore

499 2905 550 2969 sui
574 2902 827 2983 presbyteratus
849 2902 880 2963 et
902 2909 1076 2978 postquam
1100 2902 1245 2963 remotus
1265 2900 1363 2964 fuerit
1383 2900 1538 2981 iungatur
1569 2902 1751 2965 ministerio
1771 2902 1817 2965 uti
1839 2904 1985 2982 ternpore

380 3033 384 3043 '
501 3041 756 3121 presbyteratus,
778 3039 809 3099 et
831 3036 864 3099 in
888 3036 1001 3098 eodem
1025 3037 1097 3113 loco
1119 3036 1175 3099 ubi
1199 3038 1292 3115 prius
1313 3041 1401 3101 erat.

606 3175 640 3238 Si
662 3176 770 3237 autem
792 3173 913 3251 dignus
935 3172 1074 3235 habetur
1094 3172 1151 3251 qui
1172 3172 1230 3235 tiat
1251 3174 1436 3253 episcopus,
1458 3174 1618 3254 suscipiat
1650 3192 1769 3239 manus
1791 3176 1986 3256 impositio-

503 3328 576 3375 nem
600 3311 632 3374 in
655 3310 845 3389 episcopum
877 3310 909 3371 et
930 3324 997 3371 non
1028 3325 1124 3371 secus
1145 3326 1184 3370 ac
1204 3309 1314 3388 quivis
1341 3312 1428 3397 alius
1459 3313 1630 3391 presbyter
1660 3315 1869 3375 consecretur
1900 3314 1988 3377 iuxta

501 3465 661 3513 canonem
683 3450 715 3509 et
735 3446 833 3508 ritum
856 3444 1085 3523 episcopatus.

609 3584 712 3646 Porro
733 3583 808 3645 ante
823 3545 958 3660 aliquod
979 3581 1110 3659 tempus
1131 3582 1310 3661 episcopus
1330 3583 1516 3647 facultatem
1532 3584 1730 3648 concedebat
1751 3586 1988 3667 chorepiscopo

504 3722 539 3782 ut
561 3736 619 3799 per
640 3736 742 3798 pagos
764 3716 949 3781 institueret
970 3718 1228 3797 hypodiaconos,
1250 3720 1388 3782 lectores
1409 3722 1440 3783 et
1461 3720 1649 3798 exorcistas,
1670 3720 1828 3799 quoniam
1851 3738 1986 3801 nequa·

442 3838 444 3843 ¹
503 3873 601 3935 quam
631 3854 685 3917 his
716 3854 946 3917 conferebatur
978 3872 1097 3935 manus
1128 3855 1295 3934 impositio
1326 3856 1384 3918 sed
1416 3873 1490 3918 cum
1522 3858 1637 3934 postea
1666 3860 1862 3936 congregata
1882 3859 1986 3922 estin

507 4104 896 4124 ——-——-·——-.

503 4286 582 4341 vitae
602 4299 734 4341 mensam
763 4286 901 4358 tangere.
921 4286 1055 4360 Cumque
1075 4290 1214 4347 mulieres
1234 4290 1355 4346 adultae
1382 4289 1579 4360 baptizandae
1598 4292 1668 4364 sint,
1688 4291 1806 4349 iubente
1824 4296 1989 4365 sacerdote,

504 4411 679 4469 diaconissa
698 4428 750 4469 eas
770 4414 855 4486 ungit
864 4431 873 4487 ,·
891 4415 995 4473 visitat
1015 4418 1043 4473 et
1062 4417 1202 4475 mulieres
1220 4420 1361 4489 aegrotas
1380 4416 1553 4488 eisdemque
1573 4418 1713 4478 inservit.

539 4542 583 4607 (l)
601 4540 678 4597 Vid.
697 4556 774 4614 quae
791 4558 884 4613 supra
902 4545 938 4601 de
957 4544 1139 4603 diaconissis
1159 4546 1352 4617 exposuimus
1372 4545 1401 4603 in
1421 4548 1634 4615 praenotandis
1652 4550 1685 4606 20

541 4668 582 4737 (2)
602 4666 654 4725 Ct.
674 4668 752 4741 Syn.
772 4671 916 4729 Antioch.
936 4688 1009 4731 can.
1032 4676 1063 4730 10
1082 4676 1112 4729 et
1129 4690 1203 4746 syn.
1222 4674 1351 4731 Laodic.
1370 4689 1445 4731 can.
1468 4676 1500 4731 12
