4584 6309
1142 626 1180 637 ..
1202 594 1243 655 23
1264 626 1302 637 -

581 728 627 790 Ex
649 727 854 806 depromptis
877 726 987 806 itaque
1010 729 1091 793 locis
1113 748 1151 793 ex
1173 732 1354 793 memorata
1376 728 1517 807 epistola
1537 727 1631 791 facile
1653 726 1846 805 colligitur:

586 868 616 927 l⁰
638 866 718 927 Post
753 862 920 927 interitum
957 865 1078 946 Severi,
1100 871 1278 948 antequam
1316 868 1566 946 promoveretur
1596 883 1616 927 a
1648 864 1891 944 monophysitis
1925 866 1971 928 ad

477 1001 732 1079 patriarchatum
755 1000 996 1065 Antiochorum
1019 1004 1155 1084 Sergius
1175 1004 1339 1067 Tellensis
1361 1004 1425 1081 (l),
1446 1002 1595 1067 functum
1630 1002 1742 1080 fuisse,
1765 1018 1825 1081 pro
1855 1003 1971 1065 eadem

475 1142 572 1217 secta,
593 1138 662 1201 vice
684 1138 898 1217 patriarchae,
920 1138 1176 1204 Constantinum
1199 1140 1390 1220 episcopum
1413 1140 1591 1202 Laodiceae
1612 1138 1674 1217 (2),
1695 1140 1753 1218 qui
1774 1140 1972 1204 Constanti·

475 1275 599 1353 nopoli,
622 1292 679 1337 ceu
704 1276 826 1353 hospes
847 1273 1039 1338 Theodorae
1062 1276 1595 1355 imperatricis,commorabatur.

580 1414 615 1475 2⁰
637 1412 886 1491 Monophysitas
917 1412 1053 1477 abbates
1084 1416 1360 1477 monasteriorum
1393 1430 1452 1493 per
1483 1414 1610 1492 Syriam
1633 1414 1666 1475 et
1685 1411 1971 1492 Mesopotamiam,

407 1574 412 1585 ·
473 1548 782 1627 supervenientibus
804 1550 938 1612 casibus
960 1550 1071 1613 dubiis
1094 1551 1126 1613 in
1151 1569 1185 1613 re
1207 1551 1368 1614 canonica
1388 1552 1439 1613 vel
1462 1548 1604 1629 liturgia,
1625 1548 1776 1629 quaesita
1798 1550 1969 1629 praedicto

474 1684 699 1747 Constantino
732 1686 948 1763 proposuisse
970 1687 1000 1748 et
1022 1688 1064 1749 ab
1086 1688 1201 1750 eodem
1233 1688 1429 1750 resolvenda
1462 1687 1536 1748 ideo
1558 1686 1752 1764 praesertim
1775 1686 1972 1765 expetivisse

474 1820 631 1899 quoniam
656 1824 830 1899 postquam
854 1838 873 1884 a
895 1822 1020 1886 tustino
1043 1822 1240 1902 imperatore
1261 1841 1281 1886 a
1302 1824 1439 1886 sedibus
1460 1822 1605 1901 episcopi
1629 1822 1883 1902 monophysitae
1904 1820 1972 1884 ex-

475 1956 561 2036 pulsi
597 1956 727 2019 fuerant
756 1958 816 2036 (3),
846 1958 951 2037 exigui
982 1960 1160 2023 admodum
1191 1960 1438 2039 reperiebantur
1467 1975 1525 2038 per
1554 1959 1629 2021 illas
1657 1958 1845 2037 provincias
1880 1958 1972 2020 illius

476 2096 583 2157 sectae
605 2094 750 2173 episcopi
773 2094 841 2171 (4).

581 2233 616 2293 3⁰
638 2232 785 2295 Eundem
818 2232 1075 2297 Constantinum
1099 2234 1334 2298 Laudicensem
1365 2250 1526 2295 unacum
1548 2232 1736 2295 Theodosio
1758 2236 1790 2296 et
1810 2231 1970 2295 Anthimo

474 2372 800 2450 pseudopatriarchis
821 2374 1038 2436 Alexandriae
1054 2377 1085 2437 et
1100 2373 1423 2452 Constantinopolis,
1438 2372 1495 2452 qui
1518 2390 1590 2435 cum
1607 2388 1646 2434 eo
1663 2372 1697 2433 in
1720 2375 1834 2434 eodem
1857 2370 1969 2449 hospi·

472 2508 519 2569 tio
552 2509 768 2587 imperatricis
798 2511 989 2573 Theodorae
1022 2512 1268 2590 excipiebantur
1296 2512 1359 2587 (5),
1392 2508 1572 2588 propositis
1606 2508 1767 2587 quaesitis
1802 2524 1969 2587 responsa

474 2644 606 2706 dedisse
621 2646 662 2707 ad
688 2648 826 2709 abbates
847 2664 905 2725 per
926 2647 1116 2727 episcopum
1139 2648 1293 2709 loannem
1316 2648 1534 2725 cognomento
1557 2644 1750 2723 Aegyptium
1768 2644 1800 2706 in
1818 2643 1969 2723 Cyprum

475 2780 563 2841 hunc
584 2781 627 2841 ob
648 2781 746 2843 tinem
771 2782 909 2844 missum

581 2915 704 2978 Exhinc
740 2916 931 2997 intelligitur
954 2918 1029 2981 illos
1051 2920 1106 2997 qui
1131 2920 1164 2981 in
1188 2920 1251 2981 ista
1272 2917 1464 2980 collectione
1496 2932 1629 2995 quoque
1652 2916 1904 2991 resolutionum,
1928 2914 1974 2976 de

473 3070 539 3131 qua
560 3052 698 3131 agimus
721 3054 875 3118 dicuntur
900 3054 1113 3133 “orientales,
1137 3056 1275 3118 abbates
1297 3070 1371 3117 esse
1403 3053 1657 3132 monophysitas
1689 3052 1971 3114 monasteriorum

474 3206 531 3265 per
552 3188 679 3268 Syriam
703 3194 734 3252 et
755 3192 1025 3271 Mesopotamiam
1048 3193 1214 3256 subditam
1239 3190 1376 3269 imperio
1398 3190 1568 3267 Romano,
1591 3192 1746 3252 auctores
1767 3204 1845 3249 vero
1869 3204 1972 3249 reso-

473 3326 646 3404 tutionum,
669 3328 725 3405 qui
761 3332 972 3407 appellantur
996 3330 1124 3409 “patres
1146 3329 1270 3405 sancti,
1303 3344 1378 3389 esse
1409 3325 1665 3389 Constantinum
1699 3322 1970 3401 monophysitam

473 3462 664 3540 episcopum
697 3464 884 3541 Laodiceae,
908 3481 966 3525 nec
998 3480 1062 3525 non
1097 3463 1428 3542 pseudopatriarchas
1457 3460 1678 3523 Theodosium
1701 3463 1732 3521 et
1753 3458 1970 3521 Anthimum.

473 3596 605 3659 Minime
635 3604 744 3661 tamen
777 3603 985 3679 perspicuum
1009 3600 1045 3661 lit
1068 3602 1165 3663 hasce
1198 3617 1330 3679 quoque
1353 3598 1574 3661 resolutiones
1595 3596 1698 3659 tuisse
1720 3612 1778 3675 per
1806 3594 1967 3658 loannem

472 3734 664 3813 Aegyptium
688 3737 730 3798 ad
752 3738 889 3799 abbates
909 3734 1144 3799 transmissas

467 4038 906 4053 ———-——-—-

507 4183 551 4249 (l)
571 4181 624 4239 Ct.
645 4182 781 4241 Barheb.
802 4184 878 4243 Chr.
899 4187 984 4244 Ecct.
1005 4200 1041 4257 p.
1062 4188 1114 4243 214

504 4312 548 4374 (2)
569 4310 607 4365 Cf
615 4355 620 4365 .
643 4310 777 4369 Barheb.
798 4312 873 4369 Chr.
894 4314 978 4371 Eccl.
999 4330 1034 4385 p.
1058 4316 1114 4383 196,
1134 4314 1185 4370 2lt

503 4436 545 4505 (3)
566 4438 646 4495 ibid.
667 4454 702 4509 p.
726 4442 775 4497 196

502 4568 546 4631 (4)
567 4566 646 4623 ibid.
667 4582 702 4637 p.
722 4570 775 4627 210Ι

502 4696 546 4761 (5)
566 4694 647 4751 ibid.
667 4710 702 4765 p.
722 4698 773 4753 204
