4584 6309
1040 1390 1091 1454 nd
1114 1392 1267 1455 lectorem

523 1801 642 1869 Rerum
667 1800 888 1881 liturgicarum
910 1799 1096 1865 cultoribus
1112 1800 1201 1863 haud
1222 1799 1373 1880 exiguum
1395 1800 1621 1865 adiumentum
1636 1800 1679 1864 ad
1694 1816 1774 1864 suas
1796 1816 1905 1880 prose·

415 1941 568 2018 quendas
589 1936 822 2019 inquisitiones
843 1938 1023 2002 attulerunt
1043 1940 1189 2002 veterum
1211 1937 1506 2003 ecclesiasticorum
1528 1940 1699 2002 auctorum
1715 1936 1906 2001 recensiori·

419 2075 483 2138 bus
505 2073 595 2139 hisce
615 2074 821 2155 temporibus
847 2072 985 2139 feliciter
1005 2075 1131 2139 detecta
1158 2074 1282 2154 scripta
1301 2077 1402 2154 atque
1422 2074 1459 2137 in
1482 2074 1647 2154 publicam
1669 2074 1757 2138 edita
1779 2077 1905 2138 lucem.

339 2234 345 2249 =
419 2212 504 2275 Prae
535 2211 651 2291 primis
679 2212 969 2279 commemoranda
990 2212 1183 2292 praesertim
1211 2214 1291 2275 sunt
1312 2228 1320 2275 :
1344 2210 1586 2292 “Peregrinatio
1606 2212 1649 2276 ad
1671 2214 1744 2275 loca
1771 2214 1904 2291 sancta,

414 2364 500 2429 quae
532 2348 639 2429 primo
659 2348 749 2429 typis
780 2348 903 2428 prodiit
923 2365 1014 2413 anno
1039 2349 1114 2411 1887
1134 2351 1272 2413 curante
1293 2349 1323 2411 l.
1345 2348 1390 2412 F.
1412 2348 1603 2412 Gamurrini
1614 2366 1623 2427 ;
1648 2347 1904 2427 “Euchologium

414 2482 625 2563 SerapioniS,
657 2486 748 2564 quod
779 2485 883 2551 edidit
910 2488 956 2549 Α.
978 2486 1213 2568 Dmitriewslry
1233 2503 1324 2550 anno
1358 2486 1452 2565 1894;
1474 2486 1606 2549 demum
1643 2484 1905 2550 “Testamentum

415 2620 566 2701 Domini„
590 2638 610 2685 a
632 2622 731 2686 nobis
750 2624 917 2704 vulgatum
939 2641 1031 2687 anno
1056 2626 1151 2689 1899.

522 2756 734 2838 Compertum
763 2762 907 2824 attamen
935 2762 986 2825 est
1006 2761 1145 2825 eruditis
1172 2760 1254 2825 viris
1274 2760 1406 2825 codices
1435 2760 1593 2842 syriacus,
1613 2758 1671 2839 qui
1692 2761 1907 2823 asservantur

415 2892 485 2957 sive
507 2910 566 2974 per
586 2896 745 2960 orientem
767 2897 837 2961 sive
859 2914 918 2977 per
938 2898 1152 2977 occidentem,
1173 2898 1342 2961 continere
1362 2898 1472 2962 adhuc
1493 2899 1600 2977 plura,
1620 2912 1725 2976 eaque
1746 2895 1906 2975 pretiosa,

416 3029 613 3096 documenta
633 3049 673 3096 ex
693 3032 816 3115 quibus
837 3034 1034 3114 disciplinae
1055 3034 1226 3114 liturgicae
1246 3034 1373 3115 egregie
1394 3034 1603 3097 illustrantur
1623 3035 1722 3112 atque
1744 3032 1907 3095 notabili-

416 3169 466 3229 ter
486 3172 660 3248 augentur.
682 3170 901 3251 Quapropter,
916 3171 1080 3235 eiusmodi
1103 3171 1289 3235 studiorum
1312 3170 1612 3251 promovendorum
1634 3184 1745 3247 causa,
1759 3167 1907 3232 animum

417 3302 590 3382 diligenter
619 3305 841 3384 adplicuimus
861 3323 900 3370 ex
920 3306 1091 3370 codicibus
1123 3308 1257 3370 nostrae
1288 3306 1505 3369 bibliothecae
1528 3321 1676 3369 necnon
1706 3304 1908 3384 parisiensis

416 3440 516 3521 atque
536 3440 722 3520 vaticanae,
743 3460 828 3521 quas
850 3459 957 3523 nuper
975 3442 1193 3522 visitavimus,
1208 3442 1365 3506 eruendis
1385 3441 1522 3505 delectis
1542 3440 1714 3521 opusculis
1735 3440 1907 3519 liturgicis,

419 3576 526 3656 iisque
558 3578 679 3658 publici
702 3579 785 3643 iuris
815 3579 976 3643 iaciendis
998 3582 1059 3643 hoc
1089 3580 1212 3659 libello,
1234 3580 1292 3660 qui
1313 3581 1365 3643 est
1385 3578 1563 3643 fasciculus
1592 3577 1709 3642 tertius
1739 3577 1909 3657 incoeptae

417 3690 631 3794 collectionis,
651 3733 738 3795 quae
760 3716 951 3780 inscribitur
974 3716 1105 3780 “studia
1126 3717 1273 3798 syriaca,
1298 3733 1460 3781 unacum
1483 3717 1652 3779 elaborata
1665 3731 1687 3778 a
1701 3714 1800 3778 nobis
1820 3713 1908 3794 ipso-

417 3866 489 3913 rum
513 3850 615 3915 latina
635 3852 863 3931 translatione,
884 3853 1021 3918 adiectis
1043 3854 1181 3933 insuper
1202 3853 1254 3916 hic
1276 3852 1353 3917 inde
1373 3852 1572 3933 opportunis
1594 3852 1750 3917 brevibus
1770 3851 1909 3915 adnota-

418 3986 585 4051 tionibus.

523 4124 608 4189 Sunt
629 4127 738 4189 autem
762 4126 819 4190 illa
840 4127 1037 4191 documenta
1058 4143 1144 4207 quae
1165 4129 1375 4207 sequuntur:

522 4262 533 4325 Ι
575 4262 666 4327 Ordo
696 4280 764 4343 quo
795 4262 877 4327 inire
906 4265 991 4327 solet
1012 4264 1189 4344 episcopus
1211 4265 1336 4339 urbem,
1357 4266 1389 4327 et
1409 4264 1587 4343 descriptio
1616 4265 1722 4345 partis
1742 4264 1906 4344 liturgiae,

418 4416 503 4477 quae
524 4402 728 4479 anaphoram
750 4418 808 4464 seu
831 4418 992 4465 canonem
1015 4401 1200 4481 praecedit.

526 4538 549 4599 ll
590 4538 763 4618 Responsa
783 4538 944 4603 canonico
956 4574 965 4586 -
977 4538 1126 4619 liturgica
1146 4538 1306 4617 quaesitis
1322 4538 1501 4617 propositis
1515 4540 1558 4601 ab
1572 4538 1710 4603 orientis
1723 4538 1908 4601 abbatibus

526 4674 561 4737 lll
604 4674 698 4742 Ritus
719 4678 750 4738 et
771 4692 917 4739 canones
938 4692 1105 4739 sacrarum
1128 4675 1394 4739 ordinationum.
1443 4658 1447 4666 ’

526 4810 565 4871 Ν
605 4810 752 4889 Epistola
774 4812 919 4876 Anthimi
937 4813 1062 4891 pseudo
1078 4848 1087 4860 -
1104 4812 1309 4892 patriarchae
1330 4812 1669 4891 Constantinopoleos
1690 4812 1732 4874 ad
1755 4812 1908 4875 Iacobum
