<?xml version="1.0" encoding="UTF-8"?>
<!DOCTYPE html PUBLIC "-//W3C//DTD XHTML 1.0 Transitional//EN"
    "http://www.w3.org/TR/xhtml1/DTD/xhtml1-transitional.dtd">
<html xmlns="http://www.w3.org/1999/xhtml" xml:lang="en" lang="en">
 <head>
  <title>
</title>
<meta http-equiv="Content-Type" content="text/html;charset=utf-8" />
  <meta name='ocr-system' content='tesseract 3.04.00' />
  <meta name='ocr-capabilities' content='ocr_page ocr_carea ocr_par ocr_line ocrx_word'/>
</head>
<body>
  <div class='ocr_page' id='page_1' title='image "./studiasyriacase00rahmgoog_0018.png"; bbox 0 0 4584 6309; ppageno 0'>
   <div class='ocr_carea' id='block_1_1' title="bbox 447 653 1936 1414">
    <p class='ocr_par' dir='ltr' id='par_1_1' title="bbox 447 653 1936 1414">
     <span class='ocr_line' id='line_1_1' title="bbox 1118 653 1255 713; baseline 0 -17"><span class='ocrx_word' id='word_1_1' title='bbox 1118 685 1156 696; x_wconf 92' lang='lat'>..</span> <span class='ocrx_word' id='word_1_2' title='bbox 1176 653 1197 713; x_wconf 75' lang='lat' dir='ltr'>s,</span> <span class='ocrx_word' id='word_1_3' title='bbox 1218 684 1255 696; x_wconf 81' lang='grc'>.-</span> 
     </span>
     <span class='ocr_line' id='line_1_2' title="bbox 533 782 1933 867; baseline -0.004 -16"><span class='ocrx_word' id='word_1_4' title='bbox 533 786 793 851; x_wconf 84' lang='lat' dir='ltr'>llisce&#39;addatur</span> <span class='ocrx_word' id='word_1_5' title='bbox 813 788 902 866; x_wconf 89' lang='lat' dir='ltr'>quod</span> <span class='ocrx_word' id='word_1_6' title='bbox 924 787 1060 851; x_wconf 90' lang='lat' dir='ltr'>sedibus</span> <span class='ocrx_word' id='word_1_7' title='bbox 1082 788 1264 853; x_wconf 89' lang='lat' dir='ltr'>maioribus</span> <span class='ocrx_word' id='word_1_8' title='bbox 1286 787 1450 852; x_wconf 90' lang='lat' dir='ltr'>interdum</span> <span class='ocrx_word' id='word_1_9' title='bbox 1474 785 1766 867; x_wconf 88' lang='lat' dir='ltr'>prraeliciebantur</span> <span class='ocrx_word' id='word_1_10' title='bbox 1786 782 1933 865; x_wconf 83' lang='lat' dir='ltr'>episcopi</span> 
     </span>
     <span class='ocr_line' id='line_1_3' title="bbox 447 924 708 1017; baseline -0.008 -29"><span class='ocrx_word' id='word_1_11' title='bbox 447 924 562 1005; x_wconf 89' lang='lat' dir='ltr'>lingua</span> <span class='ocrx_word' id='word_1_12' title='bbox 582 924 708 1017; x_wconf 83' lang='lat' dir='ltr'>graeci.</span> 
     </span>
     <span class='ocr_line' id='line_1_4' title="bbox 552 1058 1934 1142; baseline -0.001 -18"><span class='ocrx_word' id='word_1_13' title='bbox 552 1061 770 1125; x_wconf 83' lang='lat' dir='ltr'>Consuetudo</span> <span class='ocrx_word' id='word_1_14' title='bbox 792 1061 902 1141; x_wconf 88' lang='lat' dir='ltr'>itaque</span> <span class='ocrx_word' id='word_1_15' title='bbox 922 1078 1037 1141; x_wconf 85' lang='lat' dir='ltr'>graece</span> <span class='ocrx_word' id='word_1_16' title='bbox 1059 1060 1226 1142; x_wconf 89' lang='lat' dir='ltr'>loquendi,</span> <span class='ocrx_word' id='word_1_17' title='bbox 1248 1076 1333 1140; x_wconf 92' lang='lat' dir='ltr'>quae</span> <span class='ocrx_word' id='word_1_18' title='bbox 1355 1058 1449 1123; x_wconf 90' lang='lat' dir='ltr'>initio</span> <span class='ocrx_word' id='word_1_19' title='bbox 1470 1075 1529 1139; x_wconf 92' lang='lat' dir='ltr'>per</span> <span class='ocrx_word' id='word_1_20' title='bbox 1548 1060 1795 1138; x_wconf 79' lang='lat' dir='ltr'>gubernatores,</span> <span class='ocrx_word' id='word_1_21' title='bbox 1823 1059 1934 1137; x_wconf 89' lang='lat' dir='ltr'>duces,</span> 
     </span>
     <span class='ocr_line' id='line_1_5' title="bbox 447 1195 1936 1277; baseline -0.001 -18"><span class='ocrx_word' id='word_1_22' title='bbox 447 1197 575 1275; x_wconf 86' lang='lat' dir='ltr'>milites,</span> <span class='ocrx_word' id='word_1_23' title='bbox 590 1198 804 1277; x_wconf 88' lang='lat' dir='ltr'>coloniasque</span> <span class='ocrx_word' id='word_1_24' title='bbox 819 1198 853 1259; x_wconf 95' lang='lat' dir='ltr'>in</span> <span class='ocrx_word' id='word_1_25' title='bbox 869 1198 997 1277; x_wconf 87' lang='lat' dir='ltr'>Syriam</span> <span class='ocrx_word' id='word_1_26' title='bbox 1021 1197 1207 1261; x_wconf 91' lang='lat' dir='ltr'>introducta</span> <span class='ocrx_word' id='word_1_27' title='bbox 1221 1202 1279 1275; x_wconf 87' lang='lat' dir='ltr'>est,</span> <span class='ocrx_word' id='word_1_28' title='bbox 1294 1213 1369 1260; x_wconf 89' lang='lat' dir='ltr'>sese</span> <span class='ocrx_word' id='word_1_29' title='bbox 1384 1195 1559 1276; x_wconf 84' lang='lat' dir='ltr'>protendit,</span> <span class='ocrx_word' id='word_1_30' title='bbox 1573 1195 1732 1275; x_wconf 88' lang='lat' dir='ltr'>temporis</span> <span class='ocrx_word' id='word_1_31' title='bbox 1747 1212 1936 1275; x_wconf 90' lang='lat' dir='ltr'>progressu,</span> 
     </span>
     <span class='ocr_line' id='line_1_6' title="bbox 447 1294 1935 1414; baseline -0.003 -17"><span class='ocrx_word' id='word_1_32' title='bbox 447 1334 489 1397; x_wconf 91' lang='lat' dir='ltr'>ad</span> <span class='ocrx_word' id='word_1_33' title='bbox 510 1294 606 1413; x_wconf 86' lang='lat' dir='ltr'>syros</span> <span class='ocrx_word' id='word_1_34' title='bbox 628 1334 800 1414; x_wconf 84' lang='lat' dir='ltr'>indigenas</span> <span class='ocrx_word' id='word_1_35' title='bbox 822 1334 1001 1399; x_wconf 85' lang='lat' dir='ltr'>nobiliores</span> <span class='ocrx_word' id='word_1_36' title='bbox 1022 1334 1293 1413; x_wconf 89' lang='lat' dir='ltr'>excultioresque,</span> <span class='ocrx_word' id='word_1_37' title='bbox 1308 1333 1350 1397; x_wconf 89' lang='lat' dir='ltr'>ad</span> <span class='ocrx_word' id='word_1_38' title='bbox 1373 1334 1549 1412; x_wconf 88' lang='lat' dir='ltr'>plerosque</span> <span class='ocrx_word' id='word_1_39' title='bbox 1569 1331 1780 1395; x_wconf 88' lang='lat' dir='ltr'>ecclesiarum</span> <span class='ocrx_word' id='word_1_40' title='bbox 1803 1348 1935 1410; x_wconf 87' lang='lat' dir='ltr'>praesu·</span> 
     </span>
    </p>
   </div>
   <div class='ocr_carea' id='block_1_2' title="bbox 448 1438 1937 1549">
    <p class='ocr_par' dir='ltr' id='par_1_2' title="bbox 448 1438 1937 1549">
     <span class='ocr_line' id='line_1_7' title="bbox 448 1438 1937 1549; baseline -0.002 -16"><span class='ocrx_word' id='word_1_41' title='bbox 448 1472 496 1533; x_wconf 89' lang='lat' dir='ltr'>les</span> <span class='ocrx_word' id='word_1_42' title='bbox 518 1487 577 1533; x_wconf 93' lang='lat' dir='ltr'>nec</span> <span class='ocrx_word' id='word_1_43' title='bbox 599 1488 666 1533; x_wconf 91' lang='lat' dir='ltr'>non</span> <span class='ocrx_word' id='word_1_44' title='bbox 681 1471 723 1533; x_wconf 91' lang='lat' dir='ltr'>ad</span> <span class='ocrx_word' id='word_1_45' title='bbox 739 1471 934 1549; x_wconf 87' lang='lat' dir='ltr'>scriptores.</span> <span class='ocrx_word' id='word_1_46' title='bbox 957 1438 1180 1533; x_wconf 85' lang='lat' dir='ltr'>Nihilominus</span> <span class='ocrx_word' id='word_1_47' title='bbox 1201 1470 1287 1533; x_wconf 91' lang='lat' dir='ltr'>idem</span> <span class='ocrx_word' id='word_1_48' title='bbox 1311 1486 1393 1533; x_wconf 90' lang='lat' dir='ltr'>usus</span> <span class='ocrx_word' id='word_1_49' title='bbox 1412 1468 1518 1548; x_wconf 88' lang='lat' dir='ltr'>graeci</span> <span class='ocrx_word' id='word_1_50' title='bbox 1551 1469 1716 1531; x_wconf 90' lang='lat' dir='ltr'>sermonis</span> <span class='ocrx_word' id='word_1_51' title='bbox 1737 1484 1844 1547; x_wconf 90' lang='lat' dir='ltr'>neque</span> <span class='ocrx_word' id='word_1_52' title='bbox 1866 1467 1937 1530; x_wconf 91' lang='lat' dir='ltr'>uni·</span> 
     </span>
    </p>
   </div>
   <div class='ocr_carea' id='block_1_3' title="bbox 448 1604 1948 4281">
    <p class='ocr_par' dir='ltr' id='par_1_3' title="bbox 448 1604 1943 2097">
     <span class='ocr_line' id='line_1_8' title="bbox 449 1604 1937 1685; baseline -0.001 -18"><span class='ocrx_word' id='word_1_53' title='bbox 449 1605 588 1670; x_wconf 87' lang='lat' dir='ltr'>versatis</span> <span class='ocrx_word' id='word_1_54' title='bbox 609 1606 720 1684; x_wconf 88' lang='lat' dir='ltr'>evasit,</span> <span class='ocrx_word' id='word_1_55' title='bbox 743 1623 850 1685; x_wconf 89' lang='lat' dir='ltr'>neque</span> <span class='ocrx_word' id='word_1_56' title='bbox 882 1608 985 1669; x_wconf 92' lang='lat' dir='ltr'>multo</span> <span class='ocrx_word' id='word_1_57' title='bbox 1007 1607 1118 1669; x_wconf 91' lang='lat' dir='ltr'>minus</span> <span class='ocrx_word' id='word_1_58' title='bbox 1139 1622 1179 1668; x_wconf 92' lang='lat' dir='ltr'>eo</span> <span class='ocrx_word' id='word_1_59' title='bbox 1201 1606 1341 1684; x_wconf 91' lang='lat' dir='ltr'>devenit,</span> <span class='ocrx_word' id='word_1_60' title='bbox 1363 1609 1399 1667; x_wconf 89' lang='lat' dir='ltr'>ut</span> <span class='ocrx_word' id='word_1_61' title='bbox 1418 1607 1566 1668; x_wconf 90' lang='lat' dir='ltr'>aboleret</span> <span class='ocrx_word' id='word_1_62' title='bbox 1597 1604 1771 1683; x_wconf 84' lang='lat' dir='ltr'>pristinam</span> <span class='ocrx_word' id='word_1_63' title='bbox 1793 1604 1937 1683; x_wconf 85' lang='lat' dir='ltr'>regionis</span> 
     </span>
     <span class='ocr_line' id='line_1_9' title="bbox 449 1740 1939 1823; baseline -0.001 -18"><span class='ocrx_word' id='word_1_64' title='bbox 449 1744 594 1823; x_wconf 90' lang='lat' dir='ltr'>linguam</span> <span class='ocrx_word' id='word_1_65' title='bbox 617 1744 645 1807; x_wconf 93' lang='lat' dir='ltr'>i.</span> <span class='ocrx_word' id='word_1_66' title='bbox 667 1760 685 1806; x_wconf 91' lang='lat' dir='ltr'>e</span> <span class='ocrx_word' id='word_1_67' title='bbox 706 1743 884 1822; x_wconf 89' lang='lat' dir='ltr'>syriacam.</span> <span class='ocrx_word' id='word_1_68' title='bbox 915 1743 1004 1818; x_wconf 89' lang='lat' dir='ltr'>Quin</span> <span class='ocrx_word' id='word_1_69' title='bbox 1038 1743 1104 1805; x_wconf 89' lang='lat' dir='ltr'>imo</span> <span class='ocrx_word' id='word_1_70' title='bbox 1139 1743 1306 1807; x_wconf 91' lang='lat' dir='ltr'>communi</span> <span class='ocrx_word' id='word_1_71' title='bbox 1344 1744 1469 1822; x_wconf 91' lang='lat' dir='ltr'>populo</span> <span class='ocrx_word' id='word_1_72' title='bbox 1504 1743 1554 1805; x_wconf 89' lang='lat' dir='ltr'>vel</span> <span class='ocrx_word' id='word_1_73' title='bbox 1590 1741 1623 1803; x_wconf 94' lang='lat' dir='ltr'>in</span> <span class='ocrx_word' id='word_1_74' title='bbox 1659 1740 1939 1821; x_wconf 83' lang='lat' dir='ltr'>frequentioribus</span> 
     </span>
     <span class='ocr_line' id='line_1_10' title="bbox 449 1878 1943 1960; baseline 0.001 -17"><span class='ocrx_word' id='word_1_75' title='bbox 449 1881 588 1944; x_wconf 91' lang='lat' dir='ltr'>urbibus</span> <span class='ocrx_word' id='word_1_76' title='bbox 609 1880 792 1960; x_wconf 88' lang='lat' dir='ltr'>incolisque</span> <span class='ocrx_word' id='word_1_77' title='bbox 814 1880 1023 1960; x_wconf 88' lang='lat' dir='ltr'>oppidorum,</span> <span class='ocrx_word' id='word_1_78' title='bbox 1038 1880 1196 1959; x_wconf 89' lang='lat' dir='ltr'>vicorum,</span> <span class='ocrx_word' id='word_1_79' title='bbox 1211 1881 1430 1960; x_wconf 88' lang='lat' dir='ltr'>agricolisque</span> <span class='ocrx_word' id='word_1_80' title='bbox 1450 1881 1523 1943; x_wconf 90' lang='lat' dir='ltr'>sola</span> <span class='ocrx_word' id='word_1_81' title='bbox 1543 1878 1717 1943; x_wconf 88' lang='lat' dir='ltr'>familiaris</span> <span class='ocrx_word' id='word_1_82' title='bbox 1736 1882 1805 1945; x_wconf 90' lang='lat' dir='ltr'>erat</span> <span class='ocrx_word' id='word_1_83' title='bbox 1830 1880 1943 1959; x_wconf 89' lang='lat' dir='ltr'>lingua</span> 
     </span>
     <span class='ocr_line' id='line_1_11' title="bbox 448 2017 595 2097; baseline 0 -18"><span class='ocrx_word' id='word_1_84' title='bbox 448 2017 595 2097; x_wconf 89' lang='lat' dir='ltr'>syriaca.</span> 
     </span>
    </p>

    <p class='ocr_par' dir='ltr' id='par_1_4' title="bbox 450 2151 1945 2369">
     <span class='ocr_line' id='line_1_12' title="bbox 556 2151 1945 2233; baseline -0.001 -17"><span class='ocrx_word' id='word_1_85' title='bbox 556 2154 607 2217; x_wconf 80' lang='lat' dir='ltr'>ltd</span> <span class='ocrx_word' id='word_1_86' title='bbox 631 2153 829 2217; x_wconf 89' lang='lat' dir='ltr'>illustranda</span> <span class='ocrx_word' id='word_1_87' title='bbox 850 2170 994 2233; x_wconf 90' lang='lat' dir='ltr'>eaquae</span> <span class='ocrx_word' id='word_1_88' title='bbox 1023 2151 1164 2215; x_wconf 90' lang='lat' dir='ltr'>breviter</span> <span class='ocrx_word' id='word_1_89' title='bbox 1196 2151 1369 2215; x_wconf 91' lang='lat' dir='ltr'>innuimus</span> <span class='ocrx_word' id='word_1_90' title='bbox 1401 2152 1462 2213; x_wconf 90' lang='lat' dir='ltr'>hac</span> <span class='ocrx_word' id='word_1_91' title='bbox 1483 2152 1524 2215; x_wconf 92' lang='lat' dir='ltr'>de</span> <span class='ocrx_word' id='word_1_92' title='bbox 1544 2152 1749 2231; x_wconf 90' lang='lat' dir='ltr'>quaestione,</span> <span class='ocrx_word' id='word_1_93' title='bbox 1781 2168 1886 2232; x_wconf 84' lang='lat' dir='ltr'>pauca</span> <span class='ocrx_word' id='word_1_94' title='bbox 1906 2169 1945 2215; x_wconf 86' lang='lat' dir='ltr'>ex</span> 
     </span>
     <span class='ocr_line' id='line_1_13' title="bbox 450 2288 1086 2369; baseline -0.005 -16"><span class='ocrx_word' id='word_1_95' title='bbox 450 2290 589 2354; x_wconf 86' lang='lat' dir='ltr'>historia</span> <span class='ocrx_word' id='word_1_96' title='bbox 602 2289 835 2353; x_wconf 53' lang='lat' dir='ltr'>‘ecclesiastica</span> <span class='ocrx_word' id='word_1_97' title='bbox 857 2288 1056 2369; x_wconf 86' lang='lat' dir='ltr'>proterimus</span> <span class='ocrx_word' id='word_1_98' title='bbox 1079 2307 1086 2351; x_wconf 94' lang='lat'>:</span> 
     </span>
    </p>

    <p class='ocr_par' dir='ltr' id='par_1_5' title="bbox 451 2424 1945 3188">
     <span class='ocr_line' id='line_1_14' title="bbox 562 2424 1942 2505; baseline 0 -16"><span class='ocrx_word' id='word_1_99' title='bbox 562 2428 572 2489; x_wconf 93' lang='lat' dir='ltr'>l</span> <span class='ocrx_word' id='word_1_100' title='bbox 589 2476 596 2489; x_wconf 93' lang='lat'>.</span> <span class='ocrx_word' id='word_1_101' title='bbox 619 2426 651 2490; x_wconf 91' lang='lat' dir='ltr'>S.</span> <span class='ocrx_word' id='word_1_102' title='bbox 673 2427 820 2490; x_wconf 90' lang='lat' dir='ltr'>loannes</span> <span class='ocrx_word' id='word_1_103' title='bbox 840 2425 1098 2505; x_wconf 81' lang='lat' dir='ltr'>chrysostomus</span> <span class='ocrx_word' id='word_1_104' title='bbox 1114 2424 1147 2486; x_wconf 91' lang='lat' dir='ltr'>in</span> <span class='ocrx_word' id='word_1_105' title='bbox 1163 2441 1225 2487; x_wconf 87' lang='lat' dir='ltr'>sua</span> <span class='ocrx_word' id='word_1_106' title='bbox 1240 2424 1376 2488; x_wconf 91' lang='lat' dir='ltr'>homilia</span> <span class='ocrx_word' id='word_1_107' title='bbox 1390 2425 1456 2488; x_wconf 86' lang='lat' dir='ltr'>xlx</span> <span class='ocrx_word' id='word_1_108' title='bbox 1469 2442 1585 2505; x_wconf 88' lang='lat' dir='ltr'>graece</span> <span class='ocrx_word' id='word_1_109' title='bbox 1606 2425 1719 2489; x_wconf 90' lang='lat' dir='ltr'>habita</span> <span class='ocrx_word' id='word_1_110' title='bbox 1739 2426 1942 2504; x_wconf 81' lang='lat' dir='ltr'>Antiochiae,</span> 
     </span>
     <span class='ocr_line' id='line_1_15' title="bbox 451 2560 1941 2643; baseline -0.001 -17"><span class='ocrx_word' id='word_1_111' title='bbox 451 2580 525 2626; x_wconf 92' lang='lat' dir='ltr'>cum</span> <span class='ocrx_word' id='word_1_112' title='bbox 548 2564 588 2626; x_wconf 90' lang='lat' dir='ltr'>ad</span> <span class='ocrx_word' id='word_1_113' title='bbox 612 2562 781 2626; x_wconf 88' lang='lat' dir='ltr'>ecclesiam</span> <span class='ocrx_word' id='word_1_114' title='bbox 804 2562 1007 2625; x_wconf 81' lang='lat' dir='ltr'>confluxerat</span> <span class='ocrx_word' id='word_1_115' title='bbox 1029 2560 1205 2624; x_wconf 90' lang='lat' dir='ltr'>multitudo</span> <span class='ocrx_word' id='word_1_116' title='bbox 1226 2563 1425 2625; x_wconf 91' lang='lat' dir='ltr'>rusticorum</span> <span class='ocrx_word' id='word_1_117' title='bbox 1449 2564 1479 2625; x_wconf 90' lang='lat' dir='ltr'>et</span> <span class='ocrx_word' id='word_1_118' title='bbox 1500 2562 1717 2643; x_wconf 90' lang='lat' dir='ltr'>agricolarum</span> <span class='ocrx_word' id='word_1_119' title='bbox 1740 2564 1788 2625; x_wconf 88' lang='lat' dir='ltr'>sic</span> <span class='ocrx_word' id='word_1_120' title='bbox 1808 2562 1941 2625; x_wconf 91' lang='lat' dir='ltr'>audito·</span> 
     </span>
     <span class='ocr_line' id='line_1_16' title="bbox 454 2697 1944 2778; baseline 0 -17"><span class='ocrx_word' id='word_1_121' title='bbox 454 2716 507 2761; x_wconf 90' lang='lat' dir='ltr'>res</span> <span class='ocrx_word' id='word_1_122' title='bbox 528 2700 691 2763; x_wconf 87' lang='lat' dir='ltr'>allocutus</span> <span class='ocrx_word' id='word_1_123' title='bbox 706 2700 776 2763; x_wconf 85' lang='lat' dir='ltr'>est:</span> <span class='ocrx_word' id='word_1_124' title='bbox 795 2697 1031 2761; x_wconf 75' lang='lat' dir='ltr'>“festivitatem</span> <span class='ocrx_word' id='word_1_125' title='bbox 1048 2713 1087 2759; x_wconf 91' lang='lat' dir='ltr'>en</span> <span class='ocrx_word' id='word_1_126' title='bbox 1105 2697 1281 2761; x_wconf 85' lang='lat' dir='ltr'>maximam</span> <span class='ocrx_word' id='word_1_127' title='bbox 1297 2714 1370 2761; x_wconf 88' lang='lat' dir='ltr'>esse</span> <span class='ocrx_word' id='word_1_128' title='bbox 1385 2700 1464 2778; x_wconf 90' lang='lat' dir='ltr'>puto</span> <span class='ocrx_word' id='word_1_129' title='bbox 1480 2701 1683 2777; x_wconf 86' lang='lat' dir='ltr'>praesentem</span> <span class='ocrx_word' id='word_1_130' title='bbox 1699 2698 1796 2777; x_wconf 93' lang='lat' dir='ltr'>diem,</span> <span class='ocrx_word' id='word_1_131' title='bbox 1811 2700 1944 2777; x_wconf 91' lang='lat' dir='ltr'>propter</span> 
     </span>
     <span class='ocr_line' id='line_1_17' title="bbox 453 2832 1945 2913; baseline 0 -16"><span class='ocrx_word' id='word_1_132' title='bbox 453 2835 589 2899; x_wconf 83' lang='lat' dir='ltr'>fratrum</span> <span class='ocrx_word' id='word_1_133' title='bbox 615 2836 802 2899; x_wconf 92' lang='lat' dir='ltr'>nostrorum</span> <span class='ocrx_word' id='word_1_134' title='bbox 825 2832 1055 2913; x_wconf 87' lang='lat' dir='ltr'>praesentiam,</span> <span class='ocrx_word' id='word_1_135' title='bbox 1070 2832 1127 2913; x_wconf 90' lang='lat' dir='ltr'>qui</span> <span class='ocrx_word' id='word_1_136' title='bbox 1145 2835 1259 2897; x_wconf 91' lang='lat' dir='ltr'>urbem</span> <span class='ocrx_word' id='word_1_137' title='bbox 1283 2834 1382 2897; x_wconf 89' lang='lat' dir='ltr'>nobis</span> <span class='ocrx_word' id='word_1_138' title='bbox 1404 2836 1503 2898; x_wconf 89' lang='lat' dir='ltr'>hodie</span> <span class='ocrx_word' id='word_1_139' title='bbox 1523 2837 1768 2899; x_wconf 87' lang='lat' dir='ltr'>adornaverunt</span> <span class='ocrx_word' id='word_1_140' title='bbox 1781 2837 1813 2897; x_wconf 92' lang='lat' dir='ltr'>et</span> <span class='ocrx_word' id='word_1_141' title='bbox 1826 2836 1945 2899; x_wconf 90' lang='lat' dir='ltr'>eccles·</span> 
     </span>
     <span class='ocr_line' id='line_1_18' title="bbox 452 2970 1942 3052; baseline 0 -17"><span class='ocrx_word' id='word_1_142' title='bbox 452 2972 516 3035; x_wconf 92' lang='lat' dir='ltr'>iam</span> <span class='ocrx_word' id='word_1_143' title='bbox 540 2973 756 3034; x_wconf 84' lang='lat' dir='ltr'>honestarunt</span> <span class='ocrx_word' id='word_1_144' title='bbox 778 3020 785 3034; x_wconf 94' lang='lat'>.</span> <span class='ocrx_word' id='word_1_145' title='bbox 809 3020 815 3033; x_wconf 94' lang='lat'>.</span> <span class='ocrx_word' id='word_1_146' title='bbox 839 3019 845 3033; x_wconf 95' lang='lat'>.</span> <span class='ocrx_word' id='word_1_147' title='bbox 869 2972 1013 3049; x_wconf 90' lang='lat' dir='ltr'>populus</span> <span class='ocrx_word' id='word_1_148' title='bbox 1035 2970 1149 3049; x_wconf 88' lang='lat' dir='ltr'>lingua</span> <span class='ocrx_word' id='word_1_149' title='bbox 1169 2970 1302 3048; x_wconf 90' lang='lat' dir='ltr'>quidem</span> <span class='ocrx_word' id='word_1_150' title='bbox 1327 2972 1424 3035; x_wconf 92' lang='lat' dir='ltr'>nobis</span> <span class='ocrx_word' id='word_1_151' title='bbox 1445 2972 1605 3052; x_wconf 90' lang='lat' dir='ltr'>diversus,</span> <span class='ocrx_word' id='word_1_152' title='bbox 1625 2973 1690 3036; x_wconf 89' lang='lat' dir='ltr'>tide</span> <span class='ocrx_word' id='word_1_153' title='bbox 1709 2989 1789 3035; x_wconf 91' lang='lat' dir='ltr'>vero</span> <span class='ocrx_word' id='word_1_154' title='bbox 1812 2989 1942 3035; x_wconf 90' lang='lat' dir='ltr'>conso-</span> 
     </span>
     <span class='ocr_line' id='line_1_19' title="bbox 454 3106 1251 3188; baseline 0 -17"><span class='ocrx_word' id='word_1_155' title='bbox 454 3126 535 3187; x_wconf 77' lang='lat' dir='ltr'>nuS,</span> <span class='ocrx_word' id='word_1_156' title='bbox 560 3110 572 3181; x_wconf 91' lang='grc'>(</span> <span class='ocrx_word' id='word_1_157' title='bbox 593 3108 700 3188; x_wconf 86' lang='lat' dir='ltr'>Migne</span> <span class='ocrx_word' id='word_1_158' title='bbox 723 3108 769 3171; x_wconf 87' lang='lat' dir='ltr'>P.</span> <span class='ocrx_word' id='word_1_159' title='bbox 792 3108 856 3171; x_wconf 88' lang='lat' dir='ltr'>Gr.</span> <span class='ocrx_word' id='word_1_160' title='bbox 879 3109 909 3171; x_wconf 94' lang='lat' dir='ltr'>t.</span> <span class='ocrx_word' id='word_1_161' title='bbox 931 3106 1023 3170; x_wconf 85' lang='lat' dir='ltr'>XLIX</span> <span class='ocrx_word' id='word_1_162' title='bbox 1045 3108 1115 3171; x_wconf 93' lang='lat' dir='ltr'>col.</span> <span class='ocrx_word' id='word_1_163' title='bbox 1144 3107 1251 3184; x_wconf 85' lang='grc'><strong>188).</strong></span> 
     </span>
    </p>

    <p class='ocr_par' dir='ltr' id='par_1_6' title="bbox 454 3242 1948 4005">
     <span class='ocr_line' id='line_1_20' title="bbox 514 3242 1945 3321; baseline 0 -13"><span class='ocrx_word' id='word_1_164' title='bbox 514 3245 667 3309; x_wconf 87' lang='lat' dir='ltr'>Eiusdem</span> <span class='ocrx_word' id='word_1_165' title='bbox 690 3260 727 3306; x_wconf 89' lang='lat' dir='ltr'>s.</span> <span class='ocrx_word' id='word_1_166' title='bbox 748 3242 785 3305; x_wconf 88' lang='lat' dir='ltr'>J.</span> <span class='ocrx_word' id='word_1_167' title='bbox 807 3242 1035 3321; x_wconf 78' lang='lat' dir='ltr'>chrysostomi</span> <span class='ocrx_word' id='word_1_168' title='bbox 1060 3246 1120 3309; x_wconf 88' lang='lat' dir='ltr'>hac</span> <span class='ocrx_word' id='word_1_169' title='bbox 1142 3245 1183 3307; x_wconf 91' lang='lat' dir='ltr'>de</span> <span class='ocrx_word' id='word_1_170' title='bbox 1204 3260 1240 3307; x_wconf 90' lang='lat' dir='ltr'>re</span> <span class='ocrx_word' id='word_1_171' title='bbox 1261 3246 1369 3309; x_wconf 90' lang='lat' dir='ltr'>exstat</span> <span class='ocrx_word' id='word_1_172' title='bbox 1389 3246 1480 3310; x_wconf 90' lang='lat' dir='ltr'>aliud</span> <span class='ocrx_word' id='word_1_173' title='bbox 1501 3247 1725 3311; x_wconf 76' lang='lat' dir='ltr'>testimonium</span> <span class='ocrx_word' id='word_1_174' title='bbox 1748 3265 1787 3310; x_wconf 89' lang='lat' dir='ltr'>ex</span> <span class='ocrx_word' id='word_1_175' title='bbox 1808 3246 1945 3309; x_wconf 88' lang='lat' dir='ltr'>homilia</span> 
     </span>
     <span class='ocr_line' id='line_1_21' title="bbox 457 3378 1948 3461; baseline -0.001 -16"><span class='ocrx_word' id='word_1_176' title='bbox 457 3382 499 3445; x_wconf 90' lang='lat' dir='ltr'>de</span> <span class='ocrx_word' id='word_1_177' title='bbox 515 3378 808 3459; x_wconf 88' lang='lat' dir='ltr'>ss.martyribus:</span> <span class='ocrx_word' id='word_1_178' title='bbox 828 3378 881 3441; x_wconf 83' lang='lat' dir='ltr'>“ln</span> <span class='ocrx_word' id='word_1_179' title='bbox 904 3380 1140 3459; x_wconf 64' lang='lat' dir='ltr'>saecularibus</span> <span class='ocrx_word' id='word_1_180' title='bbox 1163 3381 1210 3443; x_wconf 89' lang='lat' dir='ltr'>ait</span> <span class='ocrx_word' id='word_1_181' title='bbox 1232 3382 1371 3461; x_wconf 91' lang='lat' dir='ltr'>negotiis</span> <span class='ocrx_word' id='word_1_182' title='bbox 1391 3401 1412 3445; x_wconf 95' lang='lat' dir='ltr'>a</span> <span class='ocrx_word' id='word_1_183' title='bbox 1432 3400 1468 3446; x_wconf 90' lang='lat' dir='ltr'>se</span> <span class='ocrx_word' id='word_1_184' title='bbox 1491 3382 1628 3447; x_wconf 91' lang='lat' dir='ltr'>invicem</span> <span class='ocrx_word' id='word_1_185' title='bbox 1651 3384 1813 3447; x_wconf 88' lang='lat' dir='ltr'>dissident</span> <span class='ocrx_word' id='word_1_186' title='bbox 1833 3384 1948 3447; x_wconf 82' lang='lat' dir='ltr'>civitas</span> 
     </span>
     <span class='ocr_line' id='line_1_22' title="bbox 454 3515 1945 3598; baseline 0.003 -19"><span class='ocrx_word' id='word_1_187' title='bbox 454 3520 485 3579; x_wconf 92' lang='lat' dir='ltr'>et</span> <span class='ocrx_word' id='word_1_188' title='bbox 506 3518 584 3579; x_wconf 89' lang='lat' dir='ltr'>villa</span> <span class='ocrx_word' id='word_1_189' title='bbox 606 3534 613 3578; x_wconf 75' lang='grc' dir='ltr'><strong><em>ε</em></strong></span> <span class='ocrx_word' id='word_1_190' title='bbox 636 3516 669 3578; x_wconf 94' lang='lat' dir='ltr'>in</span> <span class='ocrx_word' id='word_1_191' title='bbox 693 3515 734 3578; x_wconf 90' lang='lat' dir='ltr'>iis</span> <span class='ocrx_word' id='word_1_192' title='bbox 755 3518 862 3579; x_wconf 89' lang='lat' dir='ltr'>autem</span> <span class='ocrx_word' id='word_1_193' title='bbox 885 3534 970 3596; x_wconf 87' lang='lat' dir='ltr'>quae</span> <span class='ocrx_word' id='word_1_194' title='bbox 992 3517 1033 3579; x_wconf 88' lang='lat' dir='ltr'>ad</span> <span class='ocrx_word' id='word_1_195' title='bbox 1056 3518 1246 3596; x_wconf 88' lang='lat' dir='ltr'>religionem</span> <span class='ocrx_word' id='word_1_196' title='bbox 1270 3520 1443 3598; x_wconf 90' lang='lat' dir='ltr'>pertinent,</span> <span class='ocrx_word' id='word_1_197' title='bbox 1467 3520 1712 3583; x_wconf 90' lang='lat' dir='ltr'>communicant</span> <span class='ocrx_word' id='word_1_198' title='bbox 1732 3524 1763 3583; x_wconf 91' lang='lat' dir='ltr'>et</span> <span class='ocrx_word' id='word_1_199' title='bbox 1784 3522 1945 3583; x_wconf 91' lang='lat' dir='ltr'>uniuntur</span> 
     </span>
     <span class='ocr_line' id='line_1_23' title="bbox 455 3652 1942 3735; baseline 0.003 -19"><span class='ocrx_word' id='word_1_200' title='bbox 455 3654 540 3717; x_wconf 90' lang='lat' dir='ltr'>inter</span> <span class='ocrx_word' id='word_1_201' title='bbox 561 3670 597 3715; x_wconf 90' lang='lat' dir='ltr'>se</span> <span class='ocrx_word' id='word_1_202' title='bbox 620 3652 776 3715; x_wconf 91' lang='lat' dir='ltr'>invicem.</span> <span class='ocrx_word' id='word_1_203' title='bbox 799 3652 962 3715; x_wconf 88' lang='lat' dir='ltr'>Nollenim</span> <span class='ocrx_word' id='word_1_204' title='bbox 993 3654 1168 3717; x_wconf 88' lang='lat' dir='ltr'>barbaram</span> <span class='ocrx_word' id='word_1_205' title='bbox 1198 3654 1346 3733; x_wconf 92' lang='lat' dir='ltr'>ipsorum</span> <span class='ocrx_word' id='word_1_206' title='bbox 1369 3656 1516 3735; x_wconf 89' lang='lat' dir='ltr'>linguam</span> <span class='ocrx_word' id='word_1_207' title='bbox 1538 3658 1696 3735; x_wconf 88' lang='lat' dir='ltr'>spectare,</span> <span class='ocrx_word' id='word_1_208' title='bbox 1717 3657 1775 3720; x_wconf 91' lang='lat' dir='ltr'>sed</span> <span class='ocrx_word' id='word_1_209' title='bbox 1797 3658 1942 3721; x_wconf 91' lang='lat' dir='ltr'>animam</span> 
     </span>
     <span class='ocr_line' id='line_1_24' title="bbox 457 3788 1945 3872; baseline 0.002 -20"><span class='ocrx_word' id='word_1_210' title='bbox 457 3790 605 3869; x_wconf 92' lang='lat' dir='ltr'>ipsorum</span> <span class='ocrx_word' id='word_1_211' title='bbox 628 3788 838 3867; x_wconf 90' lang='lat' dir='ltr'>philosophia</span> <span class='ocrx_word' id='word_1_212' title='bbox 859 3790 1020 3853; x_wconf 88' lang='lat' dir='ltr'>excultum</span> <span class='ocrx_word' id='word_1_213' title='bbox 1044 3838 1051 3853; x_wconf 90' lang='lat'>.</span> <span class='ocrx_word' id='word_1_214' title='bbox 1074 3838 1080 3852; x_wconf 92' lang='lat'>.</span> <span class='ocrx_word' id='word_1_215' title='bbox 1104 3839 1110 3853; x_wconf 92' lang='lat'>.</span> <span class='ocrx_word' id='word_1_216' title='bbox 1133 3790 1222 3865; x_wconf 92' lang='lat' dir='ltr'>Quid</span> <span class='ocrx_word' id='word_1_217' title='bbox 1243 3792 1331 3855; x_wconf 90' lang='lat' dir='ltr'>enim</span> <span class='ocrx_word' id='word_1_218' title='bbox 1353 3792 1532 3855; x_wconf 88' lang='lat' dir='ltr'>diversitas</span> <span class='ocrx_word' id='word_1_219' title='bbox 1553 3792 1684 3871; x_wconf 85' lang='lat' dir='ltr'>linguae</span> <span class='ocrx_word' id='word_1_220' title='bbox 1706 3795 1809 3872; x_wconf 89' lang='lat' dir='ltr'>nocet,</span> <span class='ocrx_word' id='word_1_221' title='bbox 1830 3793 1858 3856; x_wconf 91' lang='lat' dir='ltr'>si</span> <span class='ocrx_word' id='word_1_222' title='bbox 1881 3794 1945 3857; x_wconf 90' lang='lat' dir='ltr'>tide</span> 
     </span>
     <span class='ocr_line' id='line_1_25' title="bbox 457 3924 1181 4005; baseline 0.003 -17"><span class='ocrx_word' id='word_1_223' title='bbox 457 3926 632 4005; x_wconf 88' lang='lat' dir='ltr'>iungamur</span> <span class='ocrx_word' id='word_1_224' title='bbox 645 3927 682 4003; x_wconf 80' lang='lat' dir='ltr'>i,</span> <span class='ocrx_word' id='word_1_225' title='bbox 706 3925 718 3996; x_wconf 86' lang='lat' dir='ltr'>t</span> <span class='ocrx_word' id='word_1_226' title='bbox 739 3924 826 3989; x_wconf 91' lang='lat' dir='ltr'>ibid.</span> <span class='ocrx_word' id='word_1_227' title='bbox 846 3928 877 3989; x_wconf 90' lang='lat' dir='ltr'>t.</span> <span class='ocrx_word' id='word_1_228' title='bbox 899 3926 923 3987; x_wconf 89' lang='lat' dir='ltr'>L</span> <span class='ocrx_word' id='word_1_229' title='bbox 945 3943 983 4005; x_wconf 90' lang='lat' dir='ltr'>p.</span> <span class='ocrx_word' id='word_1_230' title='bbox 1006 3926 1067 3988; x_wconf 81' lang='grc'>646</span> <span class='ocrx_word' id='word_1_231' title='bbox 1086 3928 1098 4000; x_wconf 91' lang='grc'>)</span> <span class='ocrx_word' id='word_1_232' title='bbox 1120 3928 1181 4005; x_wconf 86' lang='lat' dir='ltr'>(l).</span> 
     </span>
    </p>

    <p class='ocr_par' dir='ltr' id='par_1_7' title="bbox 458 4060 1948 4281">
     <span class='ocr_line' id='line_1_26' title="bbox 565 4060 1946 4161; baseline 0.005 -38"><span class='ocrx_word' id='word_1_233' title='bbox 565 4062 632 4123; x_wconf 92' lang='lat' dir='ltr'>lmo</span> <span class='ocrx_word' id='word_1_234' title='bbox 664 4078 863 4141; x_wconf 87' lang='lat' dir='ltr'>quamquam</span> <span class='ocrx_word' id='word_1_235' title='bbox 895 4063 989 4125; x_wconf 87' lang='lat' dir='ltr'>valde</span> <span class='ocrx_word' id='word_1_236' title='bbox 1020 4060 1140 4161; x_wconf 78' lang='lat' dir='ltr'>diffusa</span> <span class='ocrx_word' id='word_1_237' title='bbox 1170 4063 1268 4127; x_wconf 89' lang='lat' dir='ltr'>fuerit</span> <span class='ocrx_word' id='word_1_238' title='bbox 1297 4066 1441 4144; x_wconf 91' lang='lat' dir='ltr'>cognitio</span> <span class='ocrx_word' id='word_1_239' title='bbox 1470 4082 1605 4145; x_wconf 89' lang='lat' dir='ltr'>graecae</span> <span class='ocrx_word' id='word_1_240' title='bbox 1639 4066 1770 4145; x_wconf 89' lang='lat' dir='ltr'>linguae</span> <span class='ocrx_word' id='word_1_241' title='bbox 1801 4067 1835 4128; x_wconf 91' lang='lat' dir='ltr'>in</span> <span class='ocrx_word' id='word_1_242' title='bbox 1866 4069 1946 4130; x_wconf 91' lang='lat' dir='ltr'>urbe</span> 
     </span>
     <span class='ocr_line' id='line_1_27' title="bbox 458 4197 1948 4281; baseline 0.003 -20"><span class='ocrx_word' id='word_1_243' title='bbox 458 4197 633 4261; x_wconf 81' lang='lat' dir='ltr'>Antiochia</span> <span class='ocrx_word' id='word_1_244' title='bbox 662 4200 731 4260; x_wconf 92' lang='lat' dir='ltr'>tum</span> <span class='ocrx_word' id='word_1_245' title='bbox 754 4214 856 4275; x_wconf 89' lang='lat' dir='ltr'>penes</span> <span class='ocrx_word' id='word_1_246' title='bbox 887 4197 1031 4261; x_wconf 88' lang='lat' dir='ltr'>familias</span> <span class='ocrx_word' id='word_1_247' title='bbox 1063 4199 1189 4279; x_wconf 88' lang='lat' dir='ltr'>origine</span> <span class='ocrx_word' id='word_1_248' title='bbox 1209 4217 1353 4279; x_wconf 89' lang='lat' dir='ltr'>graecas,</span> <span class='ocrx_word' id='word_1_249' title='bbox 1390 4200 1530 4265; x_wconf 84' lang='lat' dir='ltr'>civitatis</span> <span class='ocrx_word' id='word_1_250' title='bbox 1555 4202 1721 4281; x_wconf 89' lang='lat' dir='ltr'>principes</span> <span class='ocrx_word' id='word_1_251' title='bbox 1755 4201 1948 4280; x_wconf 89' lang='lat' dir='ltr'>militesque,</span> 
     </span>
    </p>
   </div>
   <div class='ocr_carea' id='block_1_4' title="bbox 459 4334 1944 4417">
    <p class='ocr_par' dir='ltr' id='par_1_8' title="bbox 459 4334 1944 4417">
     <span class='ocr_line' id='line_1_28' title="bbox 459 4334 1944 4417; baseline 0.002 -20"><span class='ocrx_word' id='word_1_252' title='bbox 459 4337 528 4397; x_wconf 93' lang='lat' dir='ltr'>tum</span> <span class='ocrx_word' id='word_1_253' title='bbox 565 4335 660 4397; x_wconf 89' lang='lat' dir='ltr'>etiam</span> <span class='ocrx_word' id='word_1_254' title='bbox 695 4351 796 4413; x_wconf 90' lang='lat' dir='ltr'>penes</span> <span class='ocrx_word' id='word_1_255' title='bbox 832 4334 1012 4398; x_wconf 90' lang='lat' dir='ltr'>nobiliores</span> <span class='ocrx_word' id='word_1_256' title='bbox 1046 4338 1262 4417; x_wconf 88' lang='lat' dir='ltr'>excultosque</span> <span class='ocrx_word' id='word_1_257' title='bbox 1296 4339 1396 4415; x_wconf 85' lang='lat' dir='ltr'>viros,</span> <span class='ocrx_word' id='word_1_258' title='bbox 1429 4356 1488 4401; x_wconf 88' lang='lat' dir='ltr'>nec</span> <span class='ocrx_word' id='word_1_259' title='bbox 1520 4354 1587 4399; x_wconf 93' lang='lat' dir='ltr'>non</span> <span class='ocrx_word' id='word_1_260' title='bbox 1619 4337 1652 4399; x_wconf 93' lang='lat' dir='ltr'>in</span> <span class='ocrx_word' id='word_1_261' title='bbox 1676 4336 1808 4415; x_wconf 90' lang='lat' dir='ltr'>publica</span> <span class='ocrx_word' id='word_1_262' title='bbox 1837 4354 1944 4400; x_wconf 93' lang='lat' dir='ltr'>rerum</span> 
     </span>
    </p>
   </div>
   <div class='ocr_carea' id='block_1_5' title="bbox 467 4483 828 4501">
    <p class='ocr_par' dir='ltr' id='par_1_9' title="bbox 467 4483 828 4501">
     <span class='ocr_line' id='line_1_29' title="bbox 467 4483 828 4501; baseline 0.006 -7"><span class='ocrx_word' id='word_1_263' title='bbox 467 4483 828 4501; x_wconf 42' lang='grc' dir='ltr'>-ι-σ-ι-Α-ι--ὴ</span> 
     </span>
    </p>
   </div>
   <div class='ocr_carea' id='block_1_6' title="bbox 498 4570 1948 4649">
    <p class='ocr_par' dir='ltr' id='par_1_10' title="bbox 498 4570 1948 4649">
     <span class='ocr_line' id='line_1_30' title="bbox 498 4570 1948 4649; baseline 0.004 -22"><span class='ocrx_word' id='word_1_264' title='bbox 498 4572 542 4637; x_wconf 87' lang='lat' dir='ltr'>(t)</span> <span class='ocrx_word' id='word_1_265' title='bbox 573 4571 638 4642; x_wconf 91' lang='lat' dir='ltr'>lpse</span> <span class='ocrx_word' id='word_1_266' title='bbox 657 4588 689 4629; x_wconf 93' lang='lat' dir='ltr'>s.</span> <span class='ocrx_word' id='word_1_267' title='bbox 708 4572 801 4631; x_wconf 79' lang='lat' dir='ltr'>toan.</span> <span class='ocrx_word' id='word_1_268' title='bbox 821 4570 935 4647; x_wconf 91' lang='lat' dir='ltr'>Chrys.</span> <span class='ocrx_word' id='word_1_269' title='bbox 956 4576 1049 4645; x_wconf 89' lang='lat' dir='ltr'>probe</span> <span class='ocrx_word' id='word_1_270' title='bbox 1080 4573 1215 4649; x_wconf 91' lang='lat' dir='ltr'>linguam</span> <span class='ocrx_word' id='word_1_271' title='bbox 1247 4577 1394 4648; x_wconf 88' lang='lat' dir='ltr'>syriacam</span> <span class='ocrx_word' id='word_1_272' title='bbox 1427 4579 1629 4649; x_wconf 91' lang='lat' dir='ltr'>cognoscebat</span> <span class='ocrx_word' id='word_1_273' title='bbox 1660 4576 1714 4634; x_wconf 83' lang='lat' dir='ltr'>ct.</span> <span class='ocrx_word' id='word_1_274' title='bbox 1733 4576 1898 4635; x_wconf 86' lang='lat' dir='ltr'>Comment.</span> <span class='ocrx_word' id='word_1_275' title='bbox 1918 4578 1948 4634; x_wconf 93' lang='lat' dir='ltr'>in</span> 
     </span>
    </p>
   </div>
   <div class='ocr_carea' id='block_1_7' title="bbox 460 4680 1948 4846">
    <p class='ocr_par' dir='ltr' id='par_1_11' title="bbox 460 4680 1948 4846">
     <span class='ocr_line' id='line_1_31' title="bbox 461 4680 1948 4756; baseline 0.005 -19"><span class='ocrx_word' id='word_1_276' title='bbox 461 4680 558 4738; x_wconf 88' lang='lat' dir='ltr'>Math.</span> <span class='ocrx_word' id='word_1_277' title='bbox 578 4682 664 4738; x_wconf 90' lang='lat' dir='ltr'>hom.</span> <span class='ocrx_word' id='word_1_278' title='bbox 684 4682 731 4738; x_wconf 91' lang='lat' dir='ltr'>Vll</span> <span class='ocrx_word' id='word_1_279' title='bbox 750 4699 784 4740; x_wconf 91' lang='lat' dir='ltr'>c.</span> <span class='ocrx_word' id='word_1_280' title='bbox 805 4684 826 4741; x_wconf 97' lang='lat' dir='ltr'>ll</span> <span class='ocrx_word' id='word_1_281' title='bbox 837 4701 845 4756; x_wconf 89' lang='lat'>;</span> <span class='ocrx_word' id='word_1_282' title='bbox 865 4684 1038 4745; x_wconf 87' lang='lat' dir='ltr'>Comment.</span> <span class='ocrx_word' id='word_1_283' title='bbox 1058 4686 1088 4745; x_wconf 94' lang='lat' dir='ltr'>in</span> <span class='ocrx_word' id='word_1_284' title='bbox 1108 4688 1224 4745; x_wconf 83' lang='lat' dir='ltr'>lienes.</span> <span class='ocrx_word' id='word_1_285' title='bbox 1243 4688 1331 4745; x_wconf 91' lang='lat' dir='ltr'>hom.</span> <span class='ocrx_word' id='word_1_286' title='bbox 1351 4687 1387 4743; x_wconf 93' lang='lat' dir='ltr'>lV</span> <span class='ocrx_word' id='word_1_287' title='bbox 1405 4703 1438 4744; x_wconf 91' lang='lat' dir='ltr'>c.</span> <span class='ocrx_word' id='word_1_288' title='bbox 1459 4687 1487 4756; x_wconf 91' lang='lat' dir='ltr'>l;</span> <span class='ocrx_word' id='word_1_289' title='bbox 1506 4686 1682 4745; x_wconf 88' lang='lat' dir='ltr'>Comment.</span> <span class='ocrx_word' id='word_1_290' title='bbox 1703 4688 1732 4745; x_wconf 92' lang='lat' dir='ltr'>in</span> <span class='ocrx_word' id='word_1_291' title='bbox 1763 4688 1821 4746; x_wconf 79' lang='lat' dir='ltr'>Ps.</span> <span class='ocrx_word' id='word_1_292' title='bbox 1839 4688 1948 4746; x_wconf 88' lang='lat' dir='ltr'>XLVlll</span> 
     </span>
     <span class='ocr_line' id='line_1_32' title="bbox 460 4789 566 4846; baseline 0 -1"><span class='ocrx_word' id='word_1_293' title='bbox 460 4805 493 4845; x_wconf 93' lang='lat' dir='ltr'>c.</span> <span class='ocrx_word' id='word_1_294' title='bbox 515 4789 566 4846; x_wconf 97' lang='lat' dir='ltr'>lll.</span> 
     </span>
    </p>
   </div>
   <div class='ocr_carea' id='block_1_8' title="bbox 0 0 2317 6308">
    <p class='ocr_par' dir='ltr' id='par_1_12' title="bbox 0 0 2317 6308">
     <span class='ocr_line' id='line_1_33' title="bbox 0 0 2317 6308; baseline 0 0"><span class='ocrx_word' id='word_1_295' title='bbox 0 0 2317 6308; x_wconf 95' lang='lat' dir='ltr'> </span> 
     </span>
    </p>
   </div>
  </div>
 </body>
</html>
