4584 6309
901 604 903 611 ·
1014 642 1016 645 .
1088 620 1125 631 -
1152 588 1187 648 14
1209 620 1246 629 -

423 722 436 798 t
458 722 485 785 i.
508 740 542 785 e.
565 722 755 787 concionem
788 724 829 787 ad
856 726 1014 803 populum
1051 725 1149 787 lrabet
1169 730 1180 799 )
1202 725 1233 786 et
1255 739 1425 803 nunquam
1456 722 1584 787 siriste.
1607 725 1718 803 ltaque
1749 741 1825 805 ergo
1846 728 1912 789 stat

422 876 552 938 semper
581 861 759 940 presbyter,
781 860 847 939 qui,
869 860 1025 939 episcopo
1046 876 1161 940 graece
1181 860 1319 937 dicente,
1341 860 1451 924 siriste
1473 862 1714 940 interpretatur,
1737 865 1773 925 ut
1793 879 1910 925 omnes

419 996 556 1059 audiant
570 1013 655 1075 quae
669 1000 888 1075 exponuntur.
904 998 1073 1061 Lectiones
1089 965 1196 1076 etiam,
1211 1015 1439 1078 quaecumque
1453 998 1488 1059 in
1504 998 1642 1061 ecclesia
1656 999 1817 1077 leguntur,
1833 1016 1909 1078 quae

419 1148 553 1195 necesse
574 1134 624 1195 est
656 1150 770 1212 graece
801 1134 873 1213 legi,
904 1151 1035 1212 semper
1064 1136 1138 1213 stat,
1161 1134 1217 1213 qui
1240 1134 1349 1197 siriste
1383 1135 1615 1212 interpretatur
1636 1135 1691 1212 (l),
1713 1138 1749 1198 ut
1778 1152 1909 1214 semper

417 1289 562 1366 discant„
587 1290 599 1366 (
620 1289 809 1353 Gamurrini
833 1308 914 1371 pag.
937 1292 976 1353 lo
995 1292 1027 1368 ).

524 1426 669 1490 lamvero
691 1427 807 1490 exinde
831 1427 995 1506 colligitur
1018 1427 1050 1489 in
1074 1427 1244 1506 provincia
1266 1427 1323 1490 illa
1344 1425 1539 1503 Palestinae,
1559 1430 1707 1505 tempore
1728 1444 1795 1506 quo
1817 1427 1906 1491 litur-

416 1562 471 1641 gia
506 1563 626 1627 missae
662 1564 899 1644 perficiebatur,
935 1564 1102 1627 adstitisse
1135 1564 1291 1643 episcopo
1325 1581 1440 1642 graece
1476 1564 1646 1627 lectionem
1684 1564 1903 1643 evangelicam

418 1700 590 1778 exponenti
629 1702 853 1781 presbyterum
890 1700 956 1780 qui,
978 1716 1101 1763 munus
1138 1700 1326 1778 interpretis
1355 1716 1518 1776 exercens,
1548 1698 1637 1761 illam
1668 1697 1904 1777 expositionem

416 1838 577 1917 extemplo
599 1838 724 1917 syriace
745 1838 890 1901 vertebat
912 1838 1035 1916 populo
1051 1838 1102 1899 cui
1126 1836 1183 1899 illa
1198 1837 1310 1915 lingua
1330 1838 1458 1898 tantum
1481 1835 1654 1897 familiaris
1669 1838 1748 1913 erat,
1763 1834 1906 1912 itemque

329 2014 333 2025 ,
414 1972 551 2036 lectores
572 1974 700 2053 syriace
723 1974 955 2053 interpretatos
977 1990 1050 2037 esse
1072 1974 1229 2036 lectiones
1250 1972 1470 2050 Scripturales
1492 1990 1499 2035 ε
1521 1990 1564 2034 an
1587 1972 1671 2034 alias
1692 1988 1769 2034 vero
1791 1973 1903 2049 partes

414 2107 581 2187 liturgicas
595 2109 650 2171 alii
667 2109 861 2188 interpretes
882 2110 1008 2189 syriace
1029 2108 1212 2186 redderent,
1228 2107 1315 2171 haud
1339 2108 1440 2186 liquet
1456 2124 1494 2169 ex
1509 2110 1689 2170 memorato
1703 2106 1904 2170 testimonie.

521 2244 759 2309 Documentum
795 2248 903 2309 autem
941 2248 1100 2320 nostrum,
1122 2245 1212 2323 quod
1248 2244 1315 2323 agit
1350 2244 1391 2306 de
1426 2261 1488 2306 usu
1525 2243 1676 2323 liturgico
1712 2260 1770 2322 per
1791 2242 1905 2322 Syriae

416 2379 656 2459 frequentiores
685 2383 841 2462 civitates,
862 2385 1001 2446 testatur
1027 2385 1096 2444 tum
1120 2382 1277 2445 lectiones
1298 2397 1336 2443 ex
1356 2381 1401 2444 V.
1424 2385 1455 2444 et
1476 2381 1522 2443 N.
1543 2380 1587 2442 T.
1611 2380 1717 2459 primo
1737 2397 1852 2459 graece
1873 2382 1904 2441 et

417 2518 536 2581 deinde
566 2520 691 2599 syriace
724 2522 824 2582 lectas
854 2520 984 2599 publice
1005 2519 1119 2595 tuisse,
1136 2521 1208 2595 tum
1242 2518 1405 2581 exstitisse
1426 2518 1511 2580 alios
1532 2518 1691 2580 diaconos
1723 2517 1905 2580 destinatos

416 2654 542 2731 graecis
577 2656 892 2733 proclamationibus
924 2656 1010 2719 alios
1041 2655 1194 2734 syriacis.
1219 2653 1408 2734 “legantur,
1429 2655 1484 2733 ait,
1513 2654 1588 2717 libri
1611 2656 1678 2717 duo
1712 2670 1850 2733 graecus
1872 2656 1903 2715 et

417 2792 568 2871 syriacus
602 2792 663 2870 (2),
701 2796 732 2855 et
769 2793 969 2855 “Proclamet
1003 2772 1165 2855 diaconus
1197 2809 1336 2871 graecus
1352 2756 1364 2854 Ι.
1401 2841 1407 2855 .
1437 2841 1445 2854 .
1477 2794 1508 2855 et
1543 2795 1618 2871 post
1661 2792 1769 2870 ipsum
1805 2808 1903 2871 syrus

418 2928 484 3005 etc„
496 2930 558 3005 (3).
581 2928 653 2991 Non
679 2930 744 2993 alia
759 2929 903 3009 proiecto
918 2930 958 2991 de
974 2942 1074 2992 causa
1089 2930 1283 3008 praecedere
1296 2909 1373 2991 iacit
1387 2928 1544 2991 lectiones
1565 2932 1663 3009 atque
1678 2930 1905 3008 proclamatio-

420 3095 784 3117 *dm

450 3222 492 3295 (l)
512 3223 674 3281 Invitas.
694 3224 832 3296 Procopii
862 3224 1075 3282 caesareensis
1095 3226 1145 3297 qui
1165 3226 1353 3297 decapitatus
1380 3225 1437 3281 tuit
1455 3241 1535 3282 anno
1554 3228 1608 3282 303
1627 3225 1751 3281 refertur
1779 3224 1903 3280 eundem

417 3352 447 3409 in
467 3352 593 3409 ecclesia
613 3366 735 3407 munere
754 3352 887 3409 iunctum
907 3352 1002 3408 fuisse
1021 3352 1142 3409 lectoris
1162 3354 1278 3425 syriace
1297 3356 1309 3421 (
1327 3354 1402 3410 Vid.
1421 3369 1507 3409 vers.
1526 3369 1594 3425 syr.
1614 3354 1693 3423 apud
1725 3352 1846 3423 Bedjam
1865 3350 1905 3407 T.

422 3481 432 3537 l
455 3494 530 3551 pag.
548 3482 602 3537 206
621 3482 647 3545 ).

428 3672 432 3677 ,
458 3610 502 3675 (2)
522 3589 676 3675 talem
699 3590 794 3673 Lae.
816 3580 905 3674 ts'u
926 3593 1001 3701 K-lt
1023 3612 1179 3702 K„curso

454 3740 498 3811 (3)
519 3722 651 3808 luido
671 3734 804 3805 oiim
825 3724 922 3809 Lac.
945 3726 1099 3808 huwo
1120 3720 1192 3809 lu
1205 3744 1347 3800 -Porro
1367 3746 1452 3817 plura
1471 3743 1519 3799 hic
1538 3744 1609 3798 sunt
1627 3742 1908 3798 animadvertenda.

424 3873 454 3928 1⁰
473 3870 587 3929 Graeca
609 3876 637 3930 et
656 3873 774 3945 syriaca
792 3874 1044 3945 proclamationes
1064 3874 1185 3934 minime
1205 3873 1243 3929 ad
1256 3872 1385 3968 litteram
1405 3864 1466 3928 sibi
1484 3871 1682 3940 respondent.
1700 3872 1734 3926 20
1752 3866 1907 3925 Eiusmodi

422 4000 689 4070 proclamationum
710 4002 909 4073 bilinguarum
938 4002 1089 4073 remansit,
1108 4001 1199 4057 veluti
1218 4000 1388 4070 vestigium,
1408 3998 1458 4055 illa
1478 4013 1554 4068 quae
1574 3999 1604 4054 in
1623 3996 1743 4066 liturgia
1762 3996 1906 4067 Syrorum

421 4128 572 4198 praecedit
590 4130 759 4200 symbolum
773 4128 841 4186 lidei
857 4128 940 4187 hisce
958 4130 1077 4187 verbis:
1092 4114 1175 4202 llo&
1236 4136 1336 4193 Q
1346 4138 1455 4216 pem
1466 4165 1477 4185 .
1488 4096 1697 4211 *pompm
1712 4110 1768 4191 oti.
1786 4112 1908 4189 law,

422 4258 516 4326 (ΕΓ.)
540 4219 652 4315 “wia
667 4224 746 4295 Θεθυ
765 4251 963 4326 προσχωμενη
987 4262 1075 4325 (curn
1096 4260 1245 4331 sapientia
1262 4259 1315 4315 Dei
1336 4259 1563 4324 attendamus).
1583 4260 1690 4329 (syr.)
1711 4254 1821 4312 “Erecti
1835 4255 1910 4310 bene

422 4386 537 4439 stemus
566 4382 595 4439 in
614 4384 785 4455 oratione,.
804 4388 837 4441 3⁰
855 4384 966 4441 Exinde
993 4385 1080 4443 facile
1108 4405 1226 4461 quoque
1255 4386 1430 4457 intelligitur
1448 4400 1484 4441 ex
1512 4387 1675 4441 memorato
1696 4400 1752 4440 usu
1780 4380 1909 4453 duplicis

423 4512 542 4583 linguae
562 4513 717 4580 provenire
736 4514 826 4569 verba
851 4530 958 4585 graeca
977 4530 1052 4586 quae
1072 4516 1161 4574 hodie
1180 4516 1339 4573 occurrunt
1357 4514 1387 4577 in
1407 4513 1528 4583 liturgia
1548 4528 1637 4583 penes
1657 4528 1744 4584 syros
1763 4510 1908 4580 aliosque.

423 4645 472 4699 4⁰.
493 4641 580 4711 Quod
599 4642 704 4698 attinet
723 4643 898 4699 nominatim
919 4645 956 4700 ad
976 4643 1138 4717 Melcnilas,
1158 4646 1312 4703 sciendum
1327 4645 1373 4700 est
1392 4642 1421 4698 in
1435 4642 1614 4713 quibusdam
1634 4644 1795 4699 eorundem
1809 4640 1908 4698 vetus-
