4584 6309
1162 588 1199 597 ..
1221 555 1261 617 42
1282 586 1319 598 „

599 688 721 752 XXXIV
762 690 955 754 Sacerdotes
976 691 1149 755 orthodoxi
1164 692 1221 771 qui
1236 694 1278 756 ab
1293 694 1465 757 haereticis
1486 692 1780 774 apprehenduntur
1794 693 1825 755 et
1846 692 1985 771 adigun-

494 832 558 907 tur,
581 832 617 892 ut
639 829 746 892 iurent
778 828 960 907 quominus
994 828 1219 906 ingrediantur
1251 828 1382 891 illorum
1414 831 1572 909 oppidum
1595 830 1645 891 vel
1668 828 1769 891 alium
1792 831 1910 906 locum,
1932 828 1983 891 cui

494 957 641 1033 ipsorum
666 958 838 1037 ingressus
859 956 986 1035 aliquid
1009 957 1222 1019 emolumenti
1245 959 1408 1020 allaturus
1428 958 1471 1021 sit
1492 958 1612 1021 debent
1634 956 1757 1036 perpeti
1788 957 1986 1035 oppressio·

493 1110 567 1155 nem
593 1095 823 1157 contumeliam
858 1094 989 1173 aliaque
1019 1094 1185 1157 eiusmodi
1208 1095 1248 1156 ad
1272 1095 1513 1173 persistendum
1537 1096 1570 1157 in
1594 1112 1660 1157 non
1683 1094 1824 1156 iurando
1856 1097 1987 1173 propter

496 1228 628 1291 Domini
659 1231 885 1309 praeceptum.
909 1228 1068 1303 Quamvis
1100 1236 1207 1291 autem
1231 1228 1328 1291 iidem
1361 1234 1497 1308 peccant
1529 1230 1562 1293 in
1586 1230 1735 1308 iurando,
1769 1229 1985 1291 nihilominus

498 1384 611 1429 eorum
645 1370 823 1447 peccatum,
853 1370 965 1447 utpote
986 1369 1016 1430 vi
1039 1372 1197 1448 coactum,
1227 1373 1325 1432 tenue
1358 1372 1547 1449 reputatur.
1568 1370 1742 1435 Praeterea
1763 1371 1790 1433 si
1813 1390 1852 1435 ex
1873 1390 1983 1435 eorum

500 1503 649 1582 ingressu
674 1506 706 1567 in
730 1506 822 1567 illum
846 1506 952 1567 locum
975 1506 1199 1585 consequitur,
1222 1506 1340 1569 incolis
1371 1506 1505 1585 aliquod
1529 1509 1798 1586 emolumentum,
1818 1510 1984 1571 conceda-

500 1644 554 1703 tur
570 1641 683 1705 iisdem
706 1644 802 1705 venia
817 1643 999 1719 (dominici
1015 1644 1026 1719 )
1043 1644 1205 1723 praecepti
1227 1643 1338 1706 violati
1362 1643 1488 1705 ratione
1510 1644 1661 1707 utilitatis
1680 1644 1864 1723 spiritualis
1884 1663 1982 1724 quam

499 1779 714 1842 obtinuerunt
743 1782 937 1843 consecutae
969 1778 1215 1860 animaequae
1246 1781 1313 1842 illis
1345 1780 1584 1843 adhaeserunt.
1602 1764 1704 1843 'Onus
1726 1784 1833 1844 autem
1858 1782 1978 1861 peccati

498 1918 772 1995 transgressionis
795 1918 956 1997 praecepti
978 1917 1195 1982 transferetur
1216 1918 1249 1979 in
1273 1917 1462 1993 haereticos
1494 1917 1550 1995 qui
1574 1934 1632 1995 per
1654 1916 1748 1980 netas
1770 1917 1847 1980 illos
1878 1918 1986 1981 iurare

501 2056 739 2133 compulerunt.
754 2054 788 2118 Si
806 2072 904 2134 porro
926 2055 1077 2118 haeretici
1093 2056 1135 2117 ab
1151 2055 1267 2116 iisdem
1289 2056 1466 2132 exposcent
1487 2054 1644 2128 libellum,
1660 2054 1791 2116 illorum
1813 2054 1870 2133 qui
1887 2054 1988 2117 libelli

502 2206 602 2251 causa
623 2191 828 2253 adducentur
849 2195 924 2271 post
945 2192 1052 2270 ipsos,
1067 2194 1232 2271 quatenus
1254 2190 1296 2252 iis
1316 2207 1354 2251 ex
1375 2190 1477 2253 animi
1500 2189 1623 2268 impetu
1646 2193 1678 2252 et
1698 2190 1813 2253 aflectu
1842 2192 1988 2253 humano

502 2327 688 2407 iuraverint,
710 2330 807 2407 culpa
829 2329 978 2407 equidem
1002 2328 1195 2406 imputanda
1216 2329 1265 2389 est
1287 2326 1352 2388 illis
1375 2325 1458 2405 ipsis
1478 2325 1535 2404 qui
1558 2325 1726 2388 iurarunt.

610 2464 719 2527 XXXV
760 2466 843 2527 Cum
868 2464 1019 2527 nonnulli
1036 2482 1073 2527 ex
1089 2463 1216 2526 haeresi
1239 2462 1355 2524 iuliani
1379 2462 1656 2538 (Halicarnassi)
1678 2463 1909 2526 Alexandriam
1934 2463 1990 2525 in·

501 2600 605 2677 gressi
628 2600 875 2664 dissimulantes
896 2618 932 2663 se
954 2616 1027 2662 esse
1049 2599 1241 2676 haereticos,
1264 2598 1385 2659 ibidem
1407 2598 1450 2659 ab
1465 2598 1657 2660 orthodoxis
1678 2598 1844 2677 episcopis
1867 2616 1987 2662 manus

484 2736 707 2814 susceperint
739 2736 991 2815 impositionem,
1014 2738 1040 2798 si
1064 2736 1220 2814 deinceps
1240 2736 1283 2797 ad
1304 2750 1414 2795 veram
1437 2733 1491 2797 isti
1514 2733 1610 2796 tidem
1643 2736 1787 2811 redeant,
1817 2739 1987 2814 tamquam

502 2872 559 2951 qui
593 2873 649 2935 Dei
683 2874 806 2935 donum
842 2873 928 2937 furto
961 2872 1172 2951 subreperint
1207 2872 1302 2935 iidem
1336 2871 1628 2949 reprehendantur,
1663 2871 1871 2951 sufficiatque
1906 2872 1991 2950 ipsis

504 3009 672 3087 imponere
694 3028 852 3073 canonem
887 3010 1056 3089 proprium
1079 3025 1192 3073 eorum
1216 3009 1272 3087 qui
1296 3025 1333 3070 ex
1355 3009 1468 3070 eadem
1492 3008 1618 3071 haeresi
1650 3010 1905 3071 convertuntur.
1927 3008 1990 3069 Sin

499 3162 585 3225 veru,
608 3146 758 3209 instituta
780 3147 1007 3225 inquisitione,
1029 3147 1249 3209 confiteantur
1262 3161 1298 3207 se
1315 3143 1392 3206 inde
1406 3161 1426 3206 a
1440 3147 1586 3222 tempore
1601 3162 1669 3223 quo
1690 3143 1835 3206 ordinati
1857 3142 1992 3206 fuerunt

502 3282 655 3346 sentiisse
670 3300 742 3346 cum
759 3286 952 3347 orthodoxis
967 3301 1005 3347 ac
1021 3284 1180 3347 haeresim
1197 3282 1312 3345 Iuliani
1329 3283 1534 3359 reprobasse,
1548 3283 1647 3359 atque
1662 3283 1833 3359 propterea
1856 3298 1993 3343 manum

498 3418 740 3497 impositionem
763 3421 805 3481 ab
833 3420 1025 3483 orthodoxis
1057 3418 1222 3498 episcopis
1252 3417 1448 3495 suscepisse,
1481 3433 1614 3479 necesse
1636 3419 1686 3478 est
1716 3418 1751 3478 ut
1773 3417 1814 3479 de
1845 3417 1988 3480 canonis

499 3555 605 3635 rigore
627 3556 752 3634 aliquid
775 3556 842 3618 illis
865 3558 1063 3620 remittatur.

604 3692 725 3754 XXXVI
767 3692 899 3755 Minime
921 3693 1013 3755 decet
1034 3695 1069 3755 ut
1091 3691 1273 3771 presbyteri
1296 3693 1328 3753 et
1349 3688 1479 3751 diaconi
1503 3704 1663 3750 unacum
1687 3689 1860 3753 haereticis
1881 3708 1992 3753 come·

497 3830 576 3891 dant
598 3828 660 3906 (l).
683 3830 778 3903 Quod
801 3830 829 3891 si
852 3830 1057 3908 reperiantur
1078 3848 1151 3892 cum
1175 3828 1241 3891 iltis
1262 3826 1472 3890 comedentes
1494 3826 1785 3904 reprehendantur,
1807 3826 1852 3890 ita
1872 3830 1989 3891 tamen
2108 3843 2109 3852 ¹

496 3983 608 4029 eornm
633 3966 797 4045 negotium
819 3969 951 4043 geratur
972 3968 1060 4045 quod
1084 3968 1116 4030 in
1139 3964 1397 4030 aedificationem
1420 3962 1575 4024 ecclesiae
1596 3963 1707 4052 cedat,
1728 3965 1759 4025 et
1780 3965 1891 4041 quoad
1912 3964 1987 4029 fieri
2108 4023 2109 4054 3

496 4106 610 4183 potest,
633 4105 745 4165 eodem
768 4122 835 4183 quo
857 4104 878 4165 ii
902 4103 1114 4168 inveniuntur
1136 4108 1207 4167 loco
1228 4104 1383 4165 tractetur
1405 4098 1569 4177 negotium
1593 4098 1695 4160 illud.

601 4240 735 4304 XXXVll
777 4242 938 4305 Sacerdos
959 4242 1014 4321 qui
1037 4259 1110 4304 cum
1134 4240 1253 4302 Iudaeo
1274 4236 1414 4301 comedit
1436 4236 1479 4311 (2)
1495 4254 1514 4298 a
1530 4234 1713 4299 ministerio
1734 4237 1868 4314 atquea
1889 4254 1992 4301 sacro

513 4385 843 4404 S———ss—

532 4482 576 4544 (li
597 4478 649 4535 Cf.
668 4480 794 4539 loannis
822 4480 969 4539 Tellensis
989 4482 1190 4539 resolutiones
1209 4477 1371 4536 canonicas
1391 4478 1402 4541 (
1422 4475 1514 4546 Lamy
1533 4490 1570 4546 p.
1588 4477 1622 4531 80
1643 4476 1655 4542 )
1675 4474 1728 4534 Cf.
1746 4476 1850 4536 Jacobi
1871 4476 1992 4537 Eous.
2108 4555 2109 4578 ἦ

497 4588 695 4645 resolutiones
716 4594 726 4660 (
747 4590 825 4647 ibid.
847 4606 882 4661 p.
905 4594 985 4657 152)

538 4698 583 4763 (2)
603 4696 654 4754 Cf.
675 4698 826 4789 (arronem
847 4704 880 4759 70
900 4700 1113 4771 Apostolorum
1134 4698 1146 4769 (
1166 4698 1248 4755 Pitra
1268 4710 1304 4764 p.
1323 4695 1389 4759 30)
