4584 6309
1089 626 1247 687 ..10-

433 766 614 833 adiacentis
653 764 799 845 regionis
846 763 1034 843 Bettrgubae
1077 761 1244 825 turmatim
1278 759 1492 823 convenerint
1527 774 1629 838 prope
1659 759 1847 820 columnam
1880 754 1921 817 ad

433 904 648 968 celebrandas
670 900 858 979 rogationes
879 916 939 978 pro
962 898 1073 978 pluvia
1096 897 1287 977 expetenda,
1309 896 1497 958 scholarum
1521 910 1652 973 pueros,
1675 891 1809 955 nonnisi
1833 907 1923 970 prae·

435 1043 591 1107 euntibus
622 1041 654 1101 et
683 1035 934 1115 suggerentibus
965 1034 1140 1113 magistris,
1164 1033 1342 1113 protulisse
1373 1032 1485 1110 lingua
1514 1046 1631 1109 graeca
1662 1027 1924 1107 deprecationem

431 1152 522 1237 Kliffi
537 1151 674 1234 θλῑῑσθνῑ
692 1173 881 1249 “puerulos
896 1172 950 1249 ait,
971 1170 1027 1251 qui
1051 1171 1176 1233 litteras
1197 1169 1411 1233 addiscebant
1433 1167 1684 1230 introduxerunt
1704 1180 1815 1228 coram
1832 1166 1926 1227 beato

432 1320 545 1368 eorum
570 1308 727 1387 magistri,
758 1308 814 1387 qui
839 1311 1034 1387 praeeuntes
1057 1306 1173 1369 iisdem
1206 1308 1370 1368 canebant
1402 1304 1514 1383 lingua
1535 1318 1651 1382 graeca
1681 1300 1771 1379 kyrie
1792 1300 1916 1363 eleison

433 1445 522 1520 quod
554 1445 732 1522 explicatur
753 1462 759 1506 :
783 1443 921 1508 Domine
954 1444 1107 1506 miserere
1139 1443 1237 1505 nobis
1258 1444 1331 1519 (l),
1359 1441 1473 1519 (Vid.
1504 1440 1584 1503 cod.
1614 1456 1690 1519 syr.
1720 1438 1831 1502 Vatic.
1868 1438 1923 1500 loo

433 1580 525 1640 nal
547 1582 578 1642 et
599 1579 722 1658 Bedjan
746 1582 777 1642 t.
800 1572 1011 1658 le.613')
1034 1581 1095 1656 (2).

539 1716 577 1778 8.
598 1716 825 1779 Theodoretus
846 1716 1022 1795 episcopus
1043 1715 1119 1795 Cyri
1141 1716 1281 1778 testatur
1301 1714 1464 1793 quosdam
1489 1716 1671 1777 monachos
1692 1713 1798 1793 Syriae
1818 1728 1923 1791 graece

434 1851 593 1914 cecinisse
614 1852 761 1915 divinum
783 1852 936 1931 officium,
958 1851 1043 1914 alios
1064 1851 1207 1930 syriace.
1232 1850 1314 1913 “Alii
1336 1850 1468 1930 quidem
1490 1868 1613 1929 graece,
1635 1852 1690 1915 alii
1706 1852 1780 1913 eius
1802 1850 1835 1912 in
1857 1866 1924 1929 qua

434 1990 608 2051 versantur
622 1988 766 2067 regionis
788 1990 899 2067 lingua
920 1988 1107 2051 Creatorem
1130 1987 1357 2064 laudabant„(
1378 2035 1386 2050 .
1409 2035 1415 2049 .
1438 2036 1445 2049 .
1466 1987 1506 2063 )(
1527 1987 1620 2050 Hist.
1636 1987 1786 2066 religios.
1808 1985 1925 2065 Migne.

438 2114 1002 2201 P.G.t.lxxxlle0121351).

545 2262 583 2323 9.
605 2261 765 2335 Quamvis
788 2279 845 2340 per
866 2260 993 2339 Syriam
1018 2260 1229 2322 inveniantur
1251 2262 1364 2338 plures
1386 2260 1624 2338 inscriptiones
1646 2262 1795 2339 lapideae
1815 2260 1930 2323 consi-

440 2398 559 2474 gnatae
599 2397 726 2475 graecis
761 2397 878 2459 litteris
909 2401 940 2461 et
971 2412 1087 2476 graeco
1119 2413 1281 2474 sermone,
1314 2398 1426 2473 utpote
1456 2396 1515 2475 qui
1548 2398 1757 2475 magnatibus
1788 2399 1820 2459 et
1848 2396 1930 2459 viris

438 2533 672 2595 excultioribus
694 2536 781 2596 haud
797 2551 872 2596 raro
887 2534 1018 2596 eaedem
1042 2533 1269 2611 praeseferunt
1290 2533 1484 2595 manifestos
1506 2550 1635 2596 errores
1655 2532 1928 2613 orthographicos

439 2674 496 2731 aut
524 2670 765 2749 grammaticos,
787 2674 886 2749 atque
918 2669 1152 2748 utplurimum
1186 2669 1422 2732 aramaismum
1455 2672 1614 2748 redolent,
1635 2672 1724 2749 quod
1746 2670 1928 2732 luculenter

438 2806 603 2869 convincit
626 2806 765 2885 patrium
787 2822 972 2868 sermonem
995 2805 1186 2867 auctoribus
1201 2808 1233 2867 et
1247 2805 1471 2883 sculptoribus
1494 2806 1747 2886 inscriptionum
1771 2824 1837 2869 non
1860 2806 1924 2868 ianr

438 2958 590 3019 graecum
612 2944 669 3006 sed
692 2943 857 3022 syriacum
880 2941 1000 3004 fuisse.
1023 2941 1244 3019 Reperiuntur
1258 2944 1289 3003 et
1305 2941 1425 3004 ibidem
1448 2943 1682 3023 inscriptiones
1704 2945 1837 3021 latinae,
1851 2960 1924 3005 cum

438 3078 501 3141 ista
533 3078 644 3158 lingua
672 3081 757 3141 esset
779 3078 1027 3157 magistratuum
1050 3078 1255 3156 ducumque.
1277 3078 1343 3141 Sed
1379 3079 1572 3142 nominatim
1604 3083 1636 3143 et
1664 3081 1824 3160 plurimae
1857 3098 1923 3143 non
2004 3136 2007 3139 ,

437 3216 544 3275 solum
568 3232 625 3294 per
646 3216 769 3295 oppida
790 3215 847 3277 sed
870 3216 901 3276 et
923 3230 981 3292 per
1002 3215 1100 3277 urbes
1121 3212 1236 3293 Syriae
1265 3214 1399 3278 luerunt
1420 3216 1563 3279 detectae
1587 3217 1822 3297 inscriptiones
1842 3217 1923 3297 syri·

473 3535 517 3600 (1)
541 3512 712 3617 imagi
734 3541 937 3608 ..αα-ῳ
958 3514 1036 3622 &⁸⁴3
1055 3513 1182 3605 m(
1200 3514 1293 3604 Q(
1313 3521 1414 3602 iasio
1435 3512 1564 3623 (ΔΜ
1585 3522 1681 3602 lint
1702 3506 1794 3623 [λζ
1814 3529 1933 3623 ³220>

438 3646 555 3751 pail(
577 3644 668 3728 La»
688 3663 866 3737 mmor
887 3644 1139 3749 ,en-§Lim
1162 3646 1258 3724 lae.
1277 3644 1380 3728 iam
1400 3642 1580 3760 poor-usn
1595 3658 1694 3763 xeo>
1712 3685 1783 3729 οοα
1799 3644 1928 3759 (ὡκ

1278 3828 1281 3833 -
1809 3794 1927 3893 a»

471 3928 515 3991 (2)
535 3926 576 3983 Εκ
603 3926 777 3983 testimonio
807 3927 955 3984 eiusmodi
985 3942 1037 3984 nec
1069 3942 1129 3983 non
1161 3942 1195 3983 ex
1224 3926 1274 3983 illo
1294 3927 1434 3997 superius
1465 3929 1595 3986 exhibito
1627 3946 1661 3987 ex
1695 3932 1873 4005 biograpbia
1895 3949 1928 4001 s,

433 4054 585 4114 Rabbulae
615 4058 696 4125 patet
726 4056 754 4111 in
783 4056 956 4112 civitatibus
989 4054 1048 4111 irno
1078 4058 1107 4111 et
1137 4055 1165 4111 in
1193 4054 1446 4127 frequentioribus
1474 4057 1549 4114 vicis
1578 4060 1730 4117 exstitisse
1762 4060 1925 4131 magistros

432 4182 607 4239 Scholarum
629 4182 678 4253 qui
699 4198 808 4253 pueros
828 4198 952 4257 graecas
973 4183 1088 4240 litteras
1107 4184 1288 4241 edocebant.
1307 4183 1399 4239 Multo
1418 4185 1517 4241 autem
1539 4186 1636 4258 magis
1655 4189 1831 4244 colebantur
1850 4203 1923 4258 grae·

431 4324 483 4365 cae
511 4308 626 4382 litterae
646 4310 675 4365 in
695 4310 837 4383 Syrorum
859 4311 1053 4369 monasteriis
1083 4310 1242 4380 praecipue
1269 4308 1503 4366 celebrioribus.
1523 4310 1598 4368 ilinc
1617 4316 1664 4369 est
1683 4316 1762 4385 quod
1790 4316 1922 4373 lacobus

430 4436 601 4494 Edessenus
620 4441 690 4509 post
708 4438 877 4495 abdicatum
898 4438 1103 4510 episcopatum
1125 4438 1261 4496 undecim
1282 4452 1334 4508 per
1351 4452 1449 4492 anuos
1468 4452 1591 4507 operam
1606 4442 1725 4498 navavit
1739 4444 1921 4501 restituendo

430 4582 554 4639 graecae
584 4583 689 4625 sacrae
720 4567 898 4626 eruditionis
927 4568 1028 4625 studio
1059 4569 1087 4625 in
1119 4566 1266 4625 coenobio
1297 4566 1474 4621 Eusebonae
1505 4581 1598 4638 prope
1628 4571 1816 4629 Antiochiam
1837 4575 1848 4640 t
1868 4570 1923 4633 Ci.

430 4694 540 4753 chron.
561 4692 704 4753 michael.
724 4698 750 4753 l.
770 4696 837 4763 Xi)
