4584 6309
1113 577 1151 588 -
1173 544 1214 607 33
1234 576 1272 588 ..

444 681 689 757 ordinarentur,
711 680 742 741 et
765 678 835 741 iure
857 679 988 759 quidem
1012 697 1084 743 cum
1109 684 1238 759 praeter
1259 680 1431 758 haeresim,
1453 680 1537 743 alias
1558 680 1728 759 agnoverit
1749 681 1789 743 de
1810 680 1939 758 praedi·

444 822 495 881 cto
518 819 628 881 Zabad
651 816 721 879 dari
742 816 897 895 rationes,
920 819 962 880 ob
984 835 1069 896 quas
1091 836 1198 898 neque
1220 819 1431 898 episcopatus
1454 819 1587 883 nomine
1607 820 1774 882 censuerit
1794 820 1936 881 eundem

444 972 518 1018 esse
548 954 703 1033 dignum.
726 952 820 1015 Hanc
851 954 894 1015 ob
916 970 1049 1017 causam
1081 956 1189 1018 visum
1221 958 1271 1019 est
1292 955 1400 1033 nobis,
1422 955 1468 1020 uti
1501 956 1654 1034 diximus,
1685 958 1721 1019 ut
1751 955 1893 1017 ordinati
1915 972 1938 1017 a

448 1092 559 1155 Zabad
582 1092 698 1154 iterum
721 1089 974 1152 ordinarentur.
997 1091 1093 1165 Quod
1116 1095 1243 1176 spectat
1256 1093 1297 1154 ad
1315 1094 1498 1171 baptizatos
1518 1110 1538 1155 a
1559 1093 1786 1156 sacerdotibus
1807 1093 1939 1155 ordina·

442 1231 487 1293 tis
508 1230 550 1291 ab
571 1228 685 1291 eodem
710 1226 852 1301 (Zabad
874 1226 905 1303 t,
927 1226 1084 1305 quoniam
1108 1227 1194 1290 idem
1227 1229 1414 1307 patriarcha
1436 1229 1516 1292 nihil
1539 1231 1580 1291 de
1601 1229 1643 1294 iis
1673 1230 1796 1307 statuit,
1829 1246 1938 1308 neque

445 1365 542 1427 nobis
572 1365 701 1426 videtur
733 1362 858 1441 aliquid
891 1362 1128 1449 innovandum,
1152 1383 1193 1429 ne
1215 1366 1277 1429 hoc
1305 1366 1404 1428 modo
1427 1365 1705 1445 perturbationem
1729 1365 1936 1442 inducamus,

444 1520 518 1566 cum
541 1501 605 1564 ianr
626 1499 742 1579 viginti
766 1500 842 1577 plus
866 1496 1017 1561 minusve
1038 1500 1117 1562 anni
1141 1502 1370 1579 praeterierint
1391 1520 1411 1565 a
1431 1519 1499 1580 quo
1520 1503 1601 1565 tatia
1628 1502 1762 1565 fuerunt
1782 1502 1959 1564 audacter'

444 1642 572 1721 patrata
593 1655 612 1701 a
634 1637 764 1699 Zabad.
787 1636 856 1698 Hac
878 1636 918 1697 de
941 1652 975 1697 re
996 1641 1226 1715 argumentum
1248 1639 1470 1719 comperimus
1492 1638 1526 1701 in
1548 1639 1671 1717 scripto
1694 1639 1800 1717 ipsius
1829 1638 1935 1702 sancti

444 1776 553 1842 Severi
586 1774 637 1837 cui
660 1774 779 1836 titulus
803 1771 937 1833 “contra
958 1774 1184 1852 anachristas„
1209 1774 1237 1837 i.
1260 1792 1295 1837 e.
1317 1780 1434 1838 contra
1464 1775 1549 1853 ittos,
1581 1775 1638 1853 qui
1672 1774 1787 1838 dicunt
1818 1775 1937 1839 iterum

443 1914 616 1994 ungendos
636 1909 693 1989 qui
716 1907 869 1989 baptizati
891 1907 1024 1971 fuerunt
1038 1926 1058 1971 a
1072 1911 1272 1989 sequacibus
1292 1910 1422 1992 synodi,
1434 1911 1726 1989 Chalcedonensis,
1742 1929 1815 1974 cum
1834 1911 1938 1991 poeni·

442 2052 544 2116 tentia
576 2046 662 2112 ducti
694 2045 908 2121 revertantur,
931 2045 976 2106 uti
999 2045 1098 2123 decet,
1121 2049 1162 2108 ad
1191 2048 1520 2157 orthodoxos-flacc
1550 2049 1629 2110 sunt
1657 2049 1758 2137 verba
1787 2049 1937 2111 eiusdem

445 2188 611 2252 doctoris:
630 2180 932 2259 “Quemadmodum
957 2180 1103 2245 medicus
1119 2182 1153 2245 in
1169 2183 1356 2263 cognitione
1378 2184 1558 2247 medicinae
1580 2183 1706 2262 peritus
1727 2184 1821 2247 aliter
1841 2189 1938 2247 curat

443 2326 498 2407 qui
521 2322 603 2387 febri
626 2321 771 2399 aegrotat
792 2321 822 2381 et
844 2318 909 2381 alia
938 2319 1065 2382 ratione
1100 2320 1157 2399 qni
1179 2337 1218 2382 ν.
1239 2339 1278 2399 g.
1300 2323 1452 2398 tremore,
1474 2322 1524 2382 vel
1557 2320 1725 2398 hydropisi
1758 2322 1808 2383 vel
1832 2320 1940 2383 inha-

443 2463 533 2527 tione
564 2457 691 2538 splenis
722 2454 920 2533 afficiuntur,
953 2456 1023 2535 pari
1055 2456 1206 2534 equidem
1239 2456 1365 2519 ratione
1387 2456 1438 2533 iis,
1470 2455 1592 2534 quibus
1624 2472 1747 2518 munus
1777 2456 1941 2519 incumbit

445 2595 628 2680 spiritualis
650 2595 681 2655 et
701 2590 834 2653 subtilis
865 2607 962 2653 curae
991 2590 1154 2670 gerendae
1186 2592 1407 2668 ecclesiarum,
1439 2608 1561 2670 easque
1591 2594 1808 2671 gubernandi,
1829 2593 1939 2655 visum

444 2742 494 2802 est
514 2733 721 2811 singularum
745 2730 915 2789 haeresum
937 2746 1058 2807 genera
1088 2729 1315 2801 discernenda,
1337 2729 1542 2806 proindeque
1578 2730 1713 2792 minime
1735 2730 1847 2791 eadem
1870 2746 1908 2792 ra
1928 2760 1942 2771 ·

351 2838 355 2847 ¹
445 2876 536 2939 tione
558 2867 726 2932 curandos
746 2866 947 2927 censuerunt
968 2866 1024 2944 qui
1048 2865 1235 2928 iniectionis
1256 2865 1384 2928 Novatii
1401 2868 1432 2928 et
1446 2865 1578 2929 Pothini
1600 2866 1675 2929 iacti
1697 2868 1778 2928 sunt
1799 2867 1940 2944 partici-

447 3029 514 3093 pes,
536 3010 566 3071 et
588 3004 644 3084 qui
667 3018 810 3065 coenosa
832 3002 904 3063 labe
927 3001 1022 3065 Pauli
1046 3002 1255 3065 Samosateni
1277 3002 1388 3065 foetati
1410 3002 1562 3065 fuerunt.
1584 3001 1648 3076 Qui
1671 3003 1758 3065 enim
1781 3020 1819 3065 ex
1840 3003 1937 3066 Pauli

466 3193 829 3213 W

445 3326 599 3381 haeresum
620 3316 759 3373 auctores
778 3317 823 3373 vet
844 3317 1021 3387 praecipuos
1040 3318 1173 3375 fautores
1194 3318 1262 3373 inde
1274 3334 1293 3374 a
1306 3318 1430 3375 Simone
1449 3318 1536 3389 Mago
1556 3319 1708 3388 usquead
1728 3321 1846 3390 tempus
1865 3336 1937 3377 con·

443 3451 503 3510 citii
524 3441 788 3511 Chalcedonensis,
809 3442 899 3513 exigit
918 3444 1079 3515 episcopus
1098 3446 1137 3501 ab
1159 3444 1265 3500 iisdem
1286 3446 1318 3500 ut
1338 3444 1605 3501 “anathematizent
1623 3444 1792 3503 Eutichium
1813 3447 1909 3518 impro
1923 3477 1936 3487 ·

444 3584 524 3647 bum,
543 3572 687 3631 lulianum
717 3568 920 3625 Halicarnassi
941 3572 969 3627 et
987 3571 1088 3627 Zabad
1117 3572 1199 3628 iilum
1229 3573 1376 3642 impurum
1410 3586 1468 3627 una
1495 3587 1562 3627 curn
1593 3574 1755 3630 eorundem
1786 3573 1934 3631 doctrinis

445 3701 587 3764 inficiatis
605 3696 724 3765 fabulis
744 3696 923 3752 commentis
937 3700 966 3752 et
978 3698 1149 3755 fictionibus
1169 3698 1278 3769 quibus
1298 3712 1423 3768 prorsus
1443 3702 1568 3770 negatur
1585 3702 1763 3757 oeconomia
1779 3702 1832 3761 Dei
1845 3665 1935 3760 Verbi

446 3848 499 3903 pro
522 3828 609 3885 nobis
631 3802 679 3885 der
703 3814 864 3911 ,alh-&00
881 3813 1146 3903 ωαωωλᾫ
1170 3811 1348 3891 boko.
1362 3804 1441 3895 liin.
1463 3810 1640 3915 1:0ssth
1659 3820 1757 3922 χοΜ
1777 3846 1938 3919 μοι.»

447 3928 731 4034 rto-sats»
748 3962 858 4050 <aa
881 3929 1082 4023 ruins-..0
1099 3938 1275 4027 neam
1291 3938 1466 4033 ruse-2
1481 3930 1937 4050 ,messum

445 4082 616 4175 *QX-t
638 4074 724 4154 ΙΝ
748 4072 854 4161 io&
874 4087 941 4156 Quo
961 4102 995 4145 ex
1014 4088 1082 4145 loco
1111 4091 1235 4161 apparet
1263 4088 1352 4145 huius
1379 4088 1480 4145 Zabad
1500 4104 1630 4145 errorem
1658 4089 1798 4161 attigisse
1817 4090 1933 4148 Christi

396 4284 398 4289 ,
446 4224 681 4283 incarnationem
701 4218 730 4275 et
749 4217 1005 4287 dispensationem
1026 4216 1166 4275 Domini.
1186 4217 1279 4273 Porro
1301 4217 1484 4273 memoratus
1502 4215 1603 4272 Zabad
1623 4217 1760 4273 diversus
1781 4218 1869 4289 plane
1888 4222 1937 4275 est

445 4358 482 4411 ab
504 4354 555 4410 iilo
574 4351 727 4408 Zacchaeo
747 4350 758 4412 (
778 4350 843 4403 not
864 4349 875 4413 )
896 4346 1042 4417 magistro
1064 4358 1223 4415 puerorum
1250 4358 1336 4414 quern
1357 4345 1490 4413 tempore
1510 4343 1665 4399 iustiniani
1685 4346 1744 4400 duo
1765 4347 1932 4418 presbyteri

446 4483 578 4539 Edessae
598 4480 745 4549 iohannes
765 4480 794 4533 et
812 4475 962 4533 Zenobius
983 4474 1011 4529 in
1032 4472 1206 4543 episcopum
1227 4485 1404 4527 consecrare
1422 4472 1565 4525 audacter
1584 4438 1776 4530 affectarunt.
1791 4477 1803 4540 (
1818 4474 1848 4530 ld
1870 4490 1937 4531 nar·
1994 4512 1999 4520 .

447 4613 493 4667 rat
511 4608 634 4666 Michaei
655 4606 738 4677 patr.
757 4605 868 4662 Jacob.
889 4603 918 4659 in
938 4616 994 4657 suo
1014 4600 1155 4657 chronico
1176 4600 1203 4656 l.
1224 4597 1258 4654 lx
1278 4612 1354 4668 pag.
1373 4599 1426 4653 325
1445 4599 1518 4653 cod.
1540 4598 1636 4654 nostri
1659 4602 1670 4666 )
