4584 6309
1024 642 1062 657 ...
1088 612 1124 675 19
1145 644 1183 655 ..

467 738 506 829 Et
525 738 640 803 statim
663 757 701 803 ac
724 742 825 805 lector
853 744 1033 810 absolverit
1065 748 1250 825 lectionem,
1272 746 1380 810 innuit
1402 748 1656 815 archidiaconus
1678 752 1736 816 uni
1758 770 1859 833 pres.

359 876 558 956 byterorum,
579 876 636 955 qui
659 878 780 941 sedens
801 880 975 957 clamattl)
998 900 1005 946 :
1028 879 1126 943 glilll
1141 878 1188 921 σοι
1203 884 1215 957 (
1230 879 1292 962 pax
1313 884 1373 947 tibi
1393 885 1424 962 ).
1446 886 1485 949 Et
1499 886 1652 951 similiter
1672 890 1739 969 agit
1753 891 1858 955 donec

359 1013 575 1093 (legantur)
597 1016 663 1078 duo
686 1014 760 1077 libri
781 1032 921 1095 graecus
943 1020 974 1082 et
996 1034 1113 1098 syrus.

462 1152 501 1215 Et
522 1151 610 1215 illico
632 1152 756 1229 psaltes
778 1153 963 1217 ascendens
984 1155 1062 1218 dicit
1084 1156 1127 1233 (2)
1150 1170 1157 1217 :
1178 1134 1311 1220 ΨαλΡΛὶ
1326 1158 1370 1199 τω
1383 1135 1475 1205 3²⁰²ss
1497 1160 1674 1239 (psalmus
1695 1164 1856 1243 Davidis)

462 1290 502 1352 Et
522 1288 600 1351 dicit
621 1287 874 1351 archidiaconus
895 1304 903 1348 :
927 1266 1113 1369 προψαλλε(
1134 1290 1291 1370 praecine
1310 1292 1345 1368 ).

461 1424 501 1489 Et
521 1425 599 1487 dicit
620 1424 743 1503 psaltes
765 1425 981 1501 propsalmon
1004 1425 1048 1501 (3)
1070 1426 1320 1507 (antiphonam
1346 1434 1372 1497 l.

463 1564 502 1627 Et
521 1562 642 1625 clamat
660 1559 915 1623 archidiaconus
936 1560 980 1637 (4)
1001 1576 1008 1622 :
1034 1542 1256 1626 propalamus
1276 1564 1289 1640 (
1309 1565 1519 1630 succinamus
1539 1570 1570 1645 ).
1593 1570 1631 1635 Et
1659 1571 1732 1635 sine
1754 1592 1847 1640 mora

353 1702 479 1785 canunt
499 1696 633 1777 vigiles.

461 1837 501 1900 Et
531 1834 718 1899 ascendunt
749 1832 836 1895 illico
868 1832 953 1895 duae
984 1832 1069 1932 aliae
1102 1831 1269 1912 lectiones
1300 1851 1374 1897 cum
1398 1839 1574 1920 episcopus
1596 1846 1706 1908 manet
1728 1845 1761 1908 in
1783 1866 1846 1911 suo

352 1978 485 2053 thron0,
507 1974 706 2049 manentque
728 1969 809 2031 locis
831 1967 902 2031 suis
925 1968 945 2030 ii
968 1969 1025 2047 qui
1046 1968 1182 2031 sedent.

461 2110 582 2175 Dicunt
603 2110 709 2171 autem
730 2104 847 2185 vigiles
868 2106 912 2181 (5)
926 2122 983 2167 sex
1004 2118 1120 2168 versus
1141 2123 1180 2168 ex
1201 2109 1331 2185 psalmo
1353 2111 1507 2176 miserere
1529 2115 1591 2177 mei
1616 2115 1706 2181 Deus
1727 2137 1842 2184 secun-

366 2278 729 2295 W*

390 2429 434 2493 (l)
454 2425 485 2481 ln
512 2425 615 2480 eadem
644 2421 766 2493 liturgia
794 2420 960 2493 Byzantina
979 2422 1049 2491 post
1068 2422 1174 2477 lectam
1204 2424 1365 2494 epistolam
1398 2430 1543 2486 sacerdos
1567 2433 1682 2491 salutat
1700 2435 1843 2495 lectorem

345 2558 457 2620 ,dicens
478 2553 553 2625 “pax
570 2550 661 2620 tibi‚,.

387 2688 432 2751 (2)
452 2684 483 2741 ln
502 2679 624 2752 liturgia
642 2676 806 2749 Byzantina
824 2677 918 2733 lector
930 2676 1002 2733 haec
1016 2675 1083 2745 ipsa
1101 2678 1193 2733 verba
1211 2678 1317 2735 recitat
1333 2684 1403 2737 ante
1420 2685 1615 2756 antiphonam
1635 2691 1723 2792 (³90⁷-

1726 2723 1753 2763 ει
1776 2723 1823 2764 νον

348 2812 515 2885 epistolae.
535 2809 566 2865 ln
586 2805 802 2864 Maronitarum
822 2804 923 2860 autem
946 2802 1004 2859 ritu
1024 2804 1093 2859 ante
1111 2804 1306 2875 antiphonam
1335 2809 1482 2881 epistolae
1502 2812 1644 2872 Paulinae
1663 2703 1842 2889 lectorppro?

252 3002 255 3007 ,
348 2944 460 3001 clamat
480 2929 611 3009 υοΙΝο
634 2913 820 3009 its-{alt
841 2924 983 3003 limi»
998 2932 1175 3007 “psalmusl
1190 2935 1216 2992 i.
1236 2952 1268 2993 e.
1288 2952 1393 2994 versus
1413 2941 1545 3010 pslami)
1563 2943 1686 3000 laudum
1705 2945 1841 3016 dicitur„.

349 3072 385 3129 Et
403 3072 565 3143 respondet
591 3069 734 3125 sacerdos
761 3056 953 3166 5-0032&
972 3082 1093 3125 aaa
1114 3069 1180 3131 aaut
1202 3061 1315 3134 “psalle
1345 3068 1374 3121 et
1404 3068 1493 3125 lauda
1520 3072 1683 3128 creatorem
1712 3074 1833 3143 tuum„.

348 3202 436 3271 Apud
467 3197 664 3255 Nestorianos
694 3196 764 3251 ante
783 3194 942 3265 epistolam
973 3195 1085 3252 clamat
1115 3194 1262 3251 diaconus
1281 3208 1288 3247 :
1309 3193 1426 3263 surgite
1444 3196 1482 3249 ad
1502 3198 1669 3255 orationem
1688 3202 1700 3269 (
1718 3200 1839 3274 dicite)

290 3416 295 3425 Ι
348 3329 543 3400 antiphonam
562 3324 639 3381 diei.
657 3334 784 3397 ωσι.)
806 3306 913 3389 Μαι
936 3358 946 3380 .
968 3306 1093 3439 1203?
1112 3334 1224 3381 mu

386 3456 428 3533 (3)
447 3455 645 3525 Propsalmon
677 3454 755 3511 idern
784 3456 830 3509 est
848 3468 884 3509 ac
906 3446 1007 3521 Ιμοο)
1035 3456 1115 3525 apud
1145 3455 1249 3525 Syros,
1281 3465 1316 3509 ac
1335 3431 1444 3517 Lien
1474 3452 1554 3520 apud
1582 3453 1778 3515 Nestorianos
1809 3460 1839 3515 et

349 3577 523 3643 npoaupuor
552 3582 581 3638 in
594 3582 659 3657 'ritu
679 3580 862 3653 Byzantino.

383 3714 427 3778 (4)
448 3710 472 3767 l.
492 3725 523 3765 e.
536 3708 783 3779 Respondeamus
802 3710 984 3767 succinendo
1004 3713 1134 3767 extrema
1152 3723 1302 3777 versuum,
1316 3707 1358 3763 uti
1374 3707 1532 3777 explanant
1550 3704 1589 3763 C.
1602 3708 1642 3763 Α.
1655 3709 1673 3764 l.
1691 3709 1836 3781 c.“perac·

345 3840 386 3897 tis
403 3852 475 3895 vero
507 3850 559 3907 per
589 3836 667 3893 duos
698 3835 886 3907 lectionibus,
914 3838 993 3895 alius
1024 3836 1150 3894 Davidis
1182 3836 1311 3907 hymnos
1341 3835 1461 3904 psallat,
1481 3835 1511 3888 et
1540 3836 1669 3903 populus
1704 3839 1837 3895 extrema

344 3983 451 4026 versus
470 3965 640 4033 succinat„.

381 4098 426 4164 (5)
445 4094 619 4164 hntiphona
637 4092 771 4148 canenda
790 4093 859 4149 ante
878 4094 1036 4164 epistolam
1057 4096 1178 4151 constat
1195 4108 1247 4149 sex
1265 4091 1403 4148 versibus
1425 4089 1593 4161 desumptis
1616 4108 1651 4148 ex
1671 4097 1788 4163 psalmo
1802 4099 1838 4154 50

345 4242 412 4283 cum
432 4222 555 4281 totidem
576 4220 780 4292 responsoriis
800 4220 1006 4292 interpositis.
1025 4222 1180 4279 Eiusmodi
1200 4220 1431 4291 antiphonarum
1451 4220 1588 4289 exempla
1605 4224 1723 4281 exhibet
1735 4226 1833 4281 vetus·

346 4352 484 4411 tissimus
514 4352 589 4409 cod.
608 4364 676 4421 syr.
705 4348 904 4405 londinensis
931 4350 1033 4407 addit.
1055 4351 1151 4421 17207,
1170 4348 1221 4405 ubi
1250 4347 1387 4418 singulae
1417 4351 1600 4422 antiphonae
1632 4355 1772 4409 constant
1799 4366 1836 4410 ex

346 4481 428 4539 brevi
447 4480 595 4537 cantilena
614 4477 753 4534 rithmica
772 4466 939 4547 (ik-m.
955 4482 967 4547 )
986 4480 1016 4535 et
1034 4493 1070 4535 ex
1088 4476 1237 4533 versiculo
1256 4490 1291 4531 ex
1317 4477 1445 4545 psalmis
1463 4464 1670 4569 (QM)
1691 4482 1721 4539 in
1746 4482 1834 4538 cuius

345 4609 404 4665 fine
423 4607 587 4664 succinitur
613 4606 766 4677 postrema
785 4622 856 4677 pars
884 4607 1065 4665 cantilenae.
1084 4604 1134 4663 Sic
1154 4620 1188 4661 se
1206 4604 1296 4661 hahet
1314 4619 1349 4662 v.
1368 4622 1405 4677 g.
1424 4612 1462 4667 ad
1482 4614 1663 4672 dominicam
1697 4613 1727 4669 in
1754 4608 1834 4667 albis

344 4736 512 4807 antiphona
530 4736 599 4791 ante
617 4733 760 4791 lectiones
779 4733 820 4791 V.
839 4733 876 4791 T.
897 4749 906 4801 ;
