4584 6309
1087 568 1307 631 ,-1o-

1227 805 1238 865 l

973 980 1064 1057 Ordo
1086 998 1153 1061 quo
1175 982 1352 1061 episcopus
1374 982 1487 1044 urbem

1132 1118 1216 1181 inire
1237 1119 1334 1181 debet

587 1390 772 1469 Episcopus
795 1390 1006 1471 ingressurus
1028 1393 1142 1455 urbem
1166 1393 1259 1471 prius
1282 1392 1370 1455 ineat
1391 1392 1503 1453 aedem
1526 1406 1654 1453 sacram
1677 1389 1796 1453 dictam
1822 1389 1976 1469 “martyr-

484 1528 587 1607 ium„‚
609 1528 636 1590 si
659 1528 701 1589 ad
723 1528 810 1589 iores
833 1528 925 1590 urbis
946 1531 1058 1607 exstat,
1081 1530 1193 1607 ibique
1213 1530 1312 1592 tlrura
1333 1529 1482 1591 adoleat.

588 1665 711 1727 Exhinc
742 1681 851 1727 coram
885 1682 924 1727 eo
956 1664 1098 1728 oliicium
1121 1666 1133 1741 (
1156 1666 1187 1729 i.
1209 1682 1245 1727 e.
1274 1664 1525 1743 psalmodiam)
1548 1663 1760 1727 exordiantur
1790 1664 1907 1743 vigiles
1929 1666 1977 1739 ll)

484 1802 591 1881 primo
623 1802 857 1880 praecedentes
888 1819 962 1865 cum
993 1802 1147 1865 crucibus
1169 1806 1200 1866 et
1221 1802 1402 1867 flammulis
1423 1802 1468 1878 (2)
1489 1803 1520 1863 et
1542 1804 1617 1879 pust
1638 1818 1696 1863 eos
1726 1802 1977 1879 subsequuntur

480 1938 538 2001 lilii
572 1939 728 2001 ecclesiae
750 1939 762 2015 (
784 1939 811 2001 i.
834 1956 870 2001 e.
892 1939 1006 2001 tideles
1025 1940 1039 2014 )
1060 1940 1166 2003 donec
1197 1944 1348 2003 occurrat
1378 1942 1490 2020 porta.
1512 1938 1628 2001 Statim
1661 1956 1738 2017 ergo
1759 1956 1798 2001 ac
1818 1939 1860 2001 ad
1883 1939 1977 2002 urbis

481 2078 607 2154 portam
641 2074 796 2153 majorem
819 2076 860 2139 ad
884 2076 974 2138 intus
1008 2077 1216 2155 pervenerint
1247 2064 1427 2157 proclamat
1459 2075 1620 2138 diaconus
1643 2076 1878 2154 (litaniam),
1901 2079 1977 2155 post

480 2228 580 2291 quarn
604 2212 896 2290 proclamationem
918 2212 997 2276 dicit
1019 2216 1132 2275 coetus
1155 2210 1263 2275 decies
1287 2212 1402 2293 “Kyrie
1424 2213 1589 2290 eleison„.

587 2348 743 2411 Protinus
764 2350 861 2411 thura
883 2350 1059 2428 episcopus
1081 2348 1230 2427 imponit,
1247 2350 1368 2426 etpost
1387 2349 1485 2411 thura
1508 2348 1670 2427 incipiunt
1684 2348 1828 2411 officium
1850 2350 1973 2429 singuli

483 2502 545 2548 suo
567 2486 693 2563 ordine,
718 2486 824 2563 primo
857 2484 1086 2548 incedentibus
1117 2486 1219 2563 laicis,
1242 2487 1272 2547 et
1294 2486 1369 2564 post
1391 2484 1466 2546 illos
1488 2486 1616 2547 clericis
1638 2488 1669 2547 et
1690 2488 1765 2563 post
1786 2485 1978 2563 episcopum

483 2621 805 2699 mulieribusdonec
821 2622 1014 2700 perveniant
1034 2622 1076 2683 ad
1098 2622 1317 2700 quadrivium.
1340 2620 1384 2682 lbi
1400 2624 1508 2684 autem
1524 2622 1685 2684 diaconus
1700 2622 1867 2700 praedicat
1881 2622 1977 2684 litan-

485 2758 559 2835 iam,
582 2760 612 2819 et
633 2759 745 2837 coetus
776 2760 851 2835 post
872 2757 966 2836 ipsus
987 2760 1106 2820 clamat
1136 2759 1181 2820 uti
1204 2758 1428 2831 dictumest(
1451 2758 1559 2820 decies
1583 2757 1698 2837 “Kyrie
1719 2758 1862 2835 eleison„
1886 2760 1918 2833 ).
1940 2757 1980 2819 Et

483 2898 557 2975 post
573 2894 848 2975 praedicationem
873 2894 1076 2969 (diaconus)
1098 2894 1192 2957 ottert
1213 2894 1371 2973 episcopo
1391 2895 1595 2957 thuribulum
1617 2896 1670 2956 cui
1694 2894 1834 2972 imponit
1860 2895 1976 2956 thura.

590 3030 770 3109 Postquam
804 3030 980 3108 episcopus
1001 3032 1175 3107 ecclesiam
1199 3032 1370 3110 ingressus
1390 3030 1497 3109 luerit,
1520 3031 1628 3093 statim
1652 3032 1814 3093 diaconus
1835 3032 1976 3108 procla·

484 3171 551 3231 mat
581 3152 740 3245 litaniam,
763 3169 793 3229 et
816 3169 890 3245 post
912 3168 1203 3245 proclamationem
1234 3169 1410 3231 adolentur
1429 3169 1536 3245 thura,
1558 3172 1590 3230 et
1611 3172 1686 3246 post
1706 3169 1805 3231 thura
1826 3168 1978 3230 ascendit

481 3302 657 3385 episcopus
671 3304 712 3365 ad
729 3304 905 3365 ambonem
922 3305 953 3364 et
967 3303 1076 3381 signat
1090 3306 1217 3365 coetum
1234 3304 1329 3381 signo
1344 3303 1462 3381 cruciS,
1478 3322 1497 3365 a
1512 3304 1581 3366 Deo
1597 3304 1663 3366 illis
1679 3305 1766 3366 bona
1783 3304 1976 3381 implorans.

587 3440 798 3503 Descendens
820 3438 996 3516 episcopus
1017 3456 1055 3501 ex
1076 3440 1219 3501 ambone
1241 3439 1344 3518 pergit
1365 3443 1407 3503 ad
1429 3441 1621 3519 episcopion
1644 3458 1717 3502 cum
1735 3440 1913 3517 nobilibus,
1929 3442 1971 3515 et,

481 3578 569 3642 brevi
593 3576 725 3639 recitata
741 3591 844 3653 prece,
859 3574 949 3637 sedet
964 3576 995 3637 et
1010 3576 1124 3638 sedere
1146 3592 1279 3655 quoque
1302 3594 1404 3655 penes
1418 3594 1454 3639 se
1468 3576 1545 3639 lacit
1559 3592 1644 3656 quos
1661 3576 1767 3638 noscit
1788 3592 1973 3653 congruum

483 3730 556 3777 esse
578 3716 613 3777 ut
634 3714 847 3776 consideant.

588 3987 749 4067 Tempore
770 3989 877 4049 autem
901 3985 1084 4049 acoluthiae
1100 3986 1143 4063 (3)
1166 3986 1222 4061 (i.
1244 4004 1280 4048 e.
1303 3986 1478 4065 liturgiae)
1500 3985 1637 4048 veniunt
1658 3985 1769 4047 clerici
1791 3981 1974 4046 descendit-

500 4178 838 4193 —--....---—--—-—-·-

517 4338 640 4415 (ll'Qui
661 4339 709 4395 hic
728 4354 801 4395 voce
820 4354 928 4410 graeca
957 4312 1089 4401 φύλακες
1109 4343 1135 4399 i.
1155 4358 1190 4398 e.
1209 4342 1317 4414 vigiles
1345 4343 1484 4399 dicuntur
1512 4342 1601 4399 iidem
1621 4344 1692 4398 sunt
1710 4357 1745 4397 ac
1767 4340 1809 4397 illi
1830 4340 1879 4412 qui
1899 4340 1974 4398 alibi

481 4473 596 4545 syriace
615 4469 803 4541 appellantur
823 4454 936 4537 Ιῖομ.
957 4470 1015 4540 lpsi
1035 4473 1134 4525 autem
1155 4473 1291 4541 spectant
1310 4474 1348 4527 ad
1368 4472 1479 4527 clerum
1495 4514 1501 4526 .
1520 4470 1594 4527 Vid.
1619 4486 1694 4541 pag.
1718 4474 1748 4527 15
1768 4486 1806 4527 n.
1829 4473 1839 4526 l

519 4603 560 4667 (2,
582 4599 644 4654 Vox
664 4598 763 4669 latina,
784 4614 859 4668 quae
878 4598 1031 4671 significat
1050 4598 1145 4653 iaces.

518 4731 549 4795 (3
583 4728 608 4782 l.
629 4742 660 4783 e.
680 4728 813 4798 tempore
833 4742 899 4799 quo,
919 4727 1056 4783 absoluta
1076 4726 1254 4797 psalmodia,
1274 4725 1415 4782 celebrari
1436 4726 1514 4782 solet
1533 4725 1645 4783 missae
1664 4726 1863 4783 sacrificium.
