4584 6309
966 961 1198 1025 praenotanda

450 1241 570 1306 Ultimo
594 1240 724 1304 demum
748 1239 819 1302 loco
847 1241 1021 1320 vulgamus
1049 1244 1199 1321 excerpta
1220 1242 1381 1321 quaedam
1405 1258 1443 1304 ex
1464 1241 1611 1306 homiliis
1633 1240 1829 1323 epithroniis

331 1379 452 1442 Severi
484 1377 688 1458 patriarchae
716 1376 912 1440 Antiocheni
945 1378 1263 1457 monophysitarum,
1284 1395 1370 1457 quae
1401 1379 1638 1458 exscripsimus
1659 1397 1697 1442 ex
1718 1381 1830 1445 codice

330 1533 409 1596 syr.
434 1516 592 1580 Vaticano
612 1515 716 1578 CXLII
739 1517 870 1578 exarato
891 1530 981 1576 anno
1002 1515 1127 1579 Christi
1149 1515 1219 1592 576,
1234 1515 1268 1578 in
1289 1532 1357 1594 quo
1378 1516 1565 1580 continetur
1586 1534 1664 1596 pars
1686 1519 1831 1598 praedic·

329 1656 446 1716 tarum
469 1652 678 1715 homiliarum
694 1669 779 1732 quas
795 1651 889 1716 initio
904 1653 1026 1716 saeculi
1048 1651 1130 1716 sexti
1146 1652 1273 1733 syriace
1292 1655 1507 1718 transtulerat
1521 1672 1560 1717 ex
1572 1671 1690 1734 graeco
1705 1656 1831 1720 Paulus

332 1789 518 1869 episcopus
548 1788 718 1852 Callinici.
742 1787 775 1851 ln
798 1790 927 1853 selectis
955 1792 1063 1852 autern
1095 1789 1255 1869 excerptis
1284 1790 1392 1870 agitur
1413 1792 1454 1854 de
1474 1791 1527 1855 die
1547 1791 1631 1856 lesto
1652 1794 1832 1857 oblationis

267 1895 270 1900 Ι
333 1925 406 1988 Deo
441 1925 578 1989 infantis
606 1926 683 1989 lesu
716 1925 749 1988 in
779 1928 912 2005 templo,
943 1927 983 1988 de
1004 1926 1144 1988 solemni
1177 1926 1231 1990 die
1252 1943 1428 2006 ramorum,
1456 1928 1497 1991 de
1526 1928 1612 1992 festo
1641 1932 1831 1993 sanctorum

333 2061 456 2126 Basilii
479 2065 510 2126 et
531 2061 679 2143 Gregorii
711 2062 878 2142 Theologi,
901 2079 961 2125 nec
990 2077 1057 2125 non
1080 2065 1120 2126 de
1142 2063 1265 2125 ieiunio
1295 2065 1384 2142 quod
1415 2063 1567 2143 sequitur
1597 2065 1832 2130 Pentecosten.

335 2199 467 2262 Exinde
489 2216 555 2262 non
579 2199 692 2263 leviter
713 2198 851 2262 historia
873 2198 1023 2278 liturgica
1043 2199 1244 2263 illustratur.
1357 2259 1360 2263 ,

450 2336 477 2400 Ι.
500 2335 596 2412 Quod
620 2335 730 2415 itaque
750 2335 865 2399 attinet
886 2336 928 2398 ad
950 2336 1152 2400 oblationem
1174 2336 1296 2400 Christi
1320 2298 1456 2400 infantis
1478 2337 1546 2401 Deo
1561 2338 1742 2418 intemplo,
1764 2338 1830 2403 iam

338 2472 552 2552 “peregrina,
576 2474 633 2537 illa
663 2473 785 2536 saeculi
818 2472 925 2552 quarti
948 2473 989 2535 ad
1012 2473 1084 2536 loca
1104 2476 1222 2536 sancta
1245 2474 1400 2537 narrabat
1423 2472 1696 2554 “quadragesima
1716 2476 1769 2539 die
1791 2477 1832 2538 de

336 2610 528 2690 Epiphania
548 2609 593 2687 (l)
613 2609 682 2672 lieri
706 2609 949 2689 processionem
972 2610 1007 2672 in
1028 2611 1191 2673 Anastase
1209 2657 1216 2672 .
1232 2659 1239 2672 .
1256 2659 1263 2672 .
1278 2627 1351 2672 cum
1373 2627 1504 2674 summa
1525 2612 1648 2676 laetitia
1667 2629 1706 2676 ac
1727 2613 1831 2692 siper

335 2747 486 2812 Pascha.
509 2747 704 2810 Praedicant
725 2746 822 2810 etiam
845 2763 962 2810 omnes
984 2746 1166 2827 presbyteri
1183 2748 1214 2809 et
1228 2746 1276 2808 sic
1290 2746 1466 2827 episcopus
1482 2797 1489 2810 .
1505 2796 1512 2810 .
1529 2797 1536 2811 .
1552 2750 1592 2812 de
1607 2766 1645 2812 eo
1661 2751 1734 2813 loco
1747 2753 1829 2813 trac-

333 2887 408 2949 tant
440 2883 617 2964 Evangelii,
639 2884 694 2946 nbi
717 2883 970 2964 quadragesima
999 2883 1052 2947 die
1073 2885 1221 2946 tulerunt
1251 2883 1429 2948 Dominum
1454 2884 1632 2965 intemplo
1661 2886 1777 2966 loseph
1800 2889 1831 2950 et

337 3021 452 3100 Maria,
474 3025 505 3084 et
525 3021 679 3082 viderunt
700 3036 774 3082 eum
796 3018 930 3082 Simeon
953 3021 984 3082 et
1005 3019 1112 3096 Anna,
1134 3021 1167 3082 et
1187 3019 1227 3082 de
1247 3019 1359 3082 verbis
1379 3035 1492 3083 eorum
1510 3069 1517 3083 .
1533 3070 1540 3083 .
1556 3023 1648 3100 .,vel
1671 3024 1712 3086 de
1732 3024 1832 3086 obla·

335 3159 429 3222 tione
451 3157 524 3238 ipsa
545 3173 644 3237 quam
666 3158 856 3220 obtulerunt
877 3159 1047 3236 parentes
1070 3156 1108 3219 Et
1129 3156 1350 3236 postmodum,
1371 3156 1545 3220 celebratis
1566 3157 1751 3222 omnibus.
1777 3206 1784 3220 .
1806 3207 1831 3236 .,

338 3297 484 3375 aguntur
515 3297 737 3373 sacramenta,
769 3293 893 3372 (Edit.
916 3293 939 3356 ll
971 3292 1161 3356 Gamurrini
1184 3310 1225 3372 p.
1245 3294 1287 3356 53
1307 3298 1336 3366 l.
1358 3291 1455 3356 Modo
1487 3310 1525 3355 ex
1555 3293 1665 3356 Severi
1697 3293 1833 3357 homilia

340 3431 453 3494 CXXV
473 3431 598 3494 eruitur
616 3433 646 3494 l⁰
667 3431 786 3494 festum
809 3429 988 3493 oblationis
1009 3429 1142 3494 Domini
1164 3429 1206 3492 ad
1229 3429 1332 3492 Deum
1356 3429 1534 3508 intemplo
1555 3429 1657 3493 inisse
1678 3430 1832 3492 solemni-

338 3570 389 3633 ter
410 3569 609 3632 celebratum
625 3571 695 3632 tum
712 3567 959 3647 Hierosolymae
973 3565 1042 3628 tum
1060 3565 1093 3628 ln
1115 3568 1184 3629 tota
1205 3565 1393 3645 Palestina;
1407 3568 1443 3630 2⁰
1465 3568 1603 3633 eandem
1624 3566 1830 3630 festivitatem

338 3706 527 3770 celebrandi
550 3723 646 3770 usum
669 3705 753 3770 alias
774 3721 907 3784 quoque
928 3702 1084 3767 ecclesias
1106 3705 1220 3766 mutuo
1234 3721 1256 3767 a
1270 3703 1571 3785 Hierosolymitana
1591 3704 1775 3784 accepisse;
1796 3705 1832 3766 3⁰

341 3841 535 3906 nominatim
557 3845 665 3906 autem
687 3841 1026 3920 constantinopoleos
1048 3840 1254 3920 metropolim
1263 3858 1272 3919 ;
1286 3843 1322 3903 4⁰
1337 3839 1514 3904 Ecclesiam
1530 3843 1639 3904 tamen
1655 3840 1831 3906 Antioche·

339 3995 416 4042 nam
448 3980 618 4058 usquead
640 3982 779 4057 tempus,
811 3994 877 4057 quo
899 3977 1040 4040 Severus
1062 3976 1168 4039 eidem
1201 3979 1360 4057 praeerat,
1393 3977 1592 4057 praedictam
1624 3977 1831 4042 testivitatem

341 4115 476 4178 minime
496 4116 697 4193 celebrassc;
719 4115 754 4176 5ο
776 4113 941 4192 origenem
964 4112 1110 4176 eiusdem
1133 4112 1352 4176 solemnitatis
1375 4129 1481 4192 neque
1496 4112 1529 4176 in
1553 4112 1625 4191 ipsa
1647 4112 1833 4193 Hierosoly·

343 4251 468 4315 mitana
488 4251 627 4314 ecclesia
647 4251 731 4314 adeo
751 4253 912 4313 vetustam
935 4247 1059 4312 luisse.

378 4528 423 4594 (1)
442 4525 551 4582 Notum
565 4527 612 4582 est
625 4539 677 4596 per
695 4525 839 4583 orientem
855 4541 913 4602 una
932 4527 1094 4596 eademque
1113 4523 1162 4580 die
1175 4525 1355 4582 celebratum
1375 4525 1469 4583 luisse
1482 4527 1554 4583 olim
1575 4527 1737 4583 solemnem
1753 4526 1831 4584 diem

343 4651 458 4711 Natalis
478 4653 598 4711 Domini
618 4656 647 4710 et
666 4653 813 4726 Baptismi
833 4654 906 4725 eius,
926 4655 976 4728 qui
997 4653 1205 4725 appellabatur
1222 4652 1406 4724 Epiphania.
