4584 6309
1047 555 1085 567 ..
1106 524 1145 585 gr
1168 556 1207 568 .-

381 662 552 727 Puerulus
573 678 650 726 vero
672 661 855 741 baptizetur
869 678 889 723 a
903 660 1073 723 sacerdote
1094 660 1182 723 fideli
1205 660 1261 737 (i.
1282 677 1318 723 e.
1340 659 1569 737 orthodoxo),
1591 663 1765 739 propterea
1787 663 1876 741 quod

388 798 551 862 Dominus
574 800 686 861 noster
712 798 874 877 apostolis
894 802 926 862 et
948 816 1006 879 per
1027 798 1103 861 illos
1124 797 1175 874 iis,
1196 797 1253 877 qui
1275 795 1449 859 sacerdotii
1483 812 1602 858 manus
1633 796 1876 876 impositionem

387 937 591 1014 receperunt,
612 936 721 999 dixit:
747 934 824 998 “Cui
848 936 1042 1019 remiseritis
1073 936 1204 1015 peccata
1232 934 1438 997 remittentur
1459 932 1506 1010 ei„
1531 950 1679 996 necnon
1703 952 1710 997 :
1735 934 1877 997 “Euntes

384 1071 498 1134 docete
519 1074 550 1135 et
571 1074 731 1151 baptizate
752 1090 869 1137 omnes
889 1076 1003 1152 gentes
1024 1072 1057 1134 in
1081 1071 1215 1151 nomine
1236 1070 1344 1134 Patris
1365 1073 1396 1134 et
1417 1070 1490 1133 Filii
1513 1072 1544 1132 et
1565 1070 1708 1148 Spiritus
1730 1071 1875 1149 Sancti,.

384 1207 579 1271 Sacerdotes
600 1226 676 1289 ergo
699 1211 759 1273 hac
781 1227 818 1271 err
839 1210 957 1273 vritute
971 1212 1003 1273 et
1017 1212 1077 1272 hac
1098 1226 1136 1271 ex
1157 1208 1310 1271 facultate
1332 1208 1499 1286 baptizant
1520 1209 1552 1269 et
1572 1208 1738 1285 complent
1759 1225 1876 1271 omnes

384 1342 524 1406 traditos
545 1345 700 1423 baptismi
722 1346 815 1424 ritus,
837 1347 893 1425 qui
916 1347 1096 1409 decurrunt
1117 1346 1151 1408 in
1174 1344 1336 1409 catholica
1357 1342 1496 1406 ecclesia
1516 1343 1582 1421 (l).

376 1494 379 1497 ·
490 1480 584 1542 XXVI
626 1481 690 1555 Qui
714 1484 870 1560 praebent
891 1483 1120 1546 eucharistiam
1144 1481 1256 1561 pueris
1276 1480 1369 1543 sanis
1383 1480 1439 1559 qui
1455 1480 1520 1543 iam
1542 1480 1744 1543 comederint
1764 1480 1820 1556 (i.
1842 1497 1876 1543 e.

384 1614 440 1692 qui
465 1632 532 1677 non
554 1619 635 1679 sunt
656 1618 756 1680 ieiuni
778 1619 809 1696 l,
831 1618 1015 1697 iubeantur,
1038 1637 1079 1682 ne
1101 1618 1145 1683 ita
1167 1634 1286 1681 rursus
1305 1620 1423 1697 agant.
1445 1616 1543 1692 Quod
1565 1616 1604 1695 si,
1627 1618 1702 1695 post
1722 1616 1873 1679 admoni-

384 1750 518 1829 tionem,
541 1752 572 1815 id
596 1755 752 1831 repetant,
773 1755 914 1817 subeant
936 1772 1076 1835 poenam
1098 1755 1363 1831 ecclesiasticam,
1384 1770 1484 1832 quam
1506 1753 1684 1831 episcopus
1704 1754 1876 1815 decernet.

384 1887 523 1966 Oportet
554 1889 640 1951 enim
665 1892 699 1953 ut
729 1890 868 1953 maxima
900 1893 1151 1972 praeparatione
1172 1894 1204 1955 et
1225 1891 1365 1971 puritate
1396 1891 1528 1953 accedat
1566 1890 1674 1953 tidelis
1704 1890 1746 1953 ad
1779 1906 1875 1953 sacra

386 2024 550 2103 mysteria,
572 2028 703 2105 excepto
725 2042 802 2090 casu
826 2028 962 2107 periculi
985 2030 1041 2092 aut
1062 2028 1287 2109 aegritudinis,
1308 2045 1394 2107 quae
1424 2030 1543 2106 cogant
1563 2043 1637 2089 eum
1660 2028 1696 2089 ut
1718 2024 1813 2089 aliter
1833 2024 1875 2087 ad

389 2158 446 2221 illa
467 2160 678 2239 suscipienda
699 2164 832 2227 accedat
842 2168 852 2226 .’
1230 2120 1232 2124 Ι

492 2298 597 2361 xxvll
639 2299 703 2375 Qui
727 2301 935 2380 baptizantur
949 2305 1004 2366 aut
1026 2303 1199 2365 sacerdotii
1222 2318 1342 2366 manus
1363 2300 1607 2381 impositionem
1630 2298 1817 2378 suscipiunt
1831 2300 1873 2361 ab

384 2432 548 2513 episcopis
569 2440 675 2501 sectae
696 2438 939 2501 Iulianistarum
964 2441 1077 2502 eodem
1100 2440 1200 2503 modo
1221 2438 1398 2518 recipiendi
1421 2442 1500 2501 sunt
1514 2454 1552 2501 ac
1567 2437 1614 2499 illi
1630 2436 1687 2517 qui
1704 2436 1875 2515 poeniten-

382 2569 428 2631 tia
452 2572 538 2633 ducti
570 2590 607 2635 ex
638 2575 765 2637 haeresi
795 2576 914 2655 synodi
936 2576 1221 2640 Chalcedonensis
1251 2578 1486 2640 convertuntur
1506 2575 1571 2651 (2).
1591 2573 1737 2653 Tempus
1757 2574 1866 2635 autem

372 2708 670 2773 determinandum
693 2712 831 2775 canonis
860 2714 1189 2792 (poenitentialis),
1218 2714 1360 2794 singulis
1387 2713 1445 2793 qui
1468 2728 1589 2775 manus
1623 2709 1868 2789 impositionem

381 2848 599 2925 susceperunt
620 2846 820 2926 imponendi,
836 2849 869 2912 in
886 2853 1044 2928 potestate
1059 2850 1101 2913 sit
1115 2850 1272 2929 episcopi,
1293 2850 1389 2913 cuius
1410 2849 1471 2912 erit
1484 2865 1580 2927 agere
1595 2848 1703 2928 prouti
1720 2848 1754 2909 in
1770 2848 1871 2910 eccle·
1953 2832 1956 2835 ⁴

381 2982 454 3043 siae
475 2983 733 3048 aedificationem
757 2985 789 3048 id
810 2989 935 3049 vertere
958 2986 1132 3051 iudicabit.
1154 2987 1223 3050 Nos
1244 2990 1352 3049 autem
1375 2987 1463 3049 haud
1492 2987 1570 3048 latet
1590 2988 1741 3047 sanctum
1764 2984 1871 3046 Seve-

384 3133 454 3180 rum
478 3118 700 3184 Patriarcham
730 3122 912 3185 decrevisse
935 3124 1046 3202 utqui
1069 3140 1089 3185 a
1110 3123 1222 3185 Zabad
1244 3123 1288 3200 (3)
1310 3122 1385 3185 facti
1409 3122 1543 3184 luerunt
1564 3124 1576 3197 (
1598 3119 1706 3183 clerici
1728 3120 1740 3195 )
1762 3120 1872 3181 denuo

389 3289 828 3305 ——--—-—-—-———.

417 3432 461 3497 (l)
480 3430 693 3503 Argumentum
707 3434 854 3493 eiusmodi
867 3439 1025 3509 sophisma
1038 3442 1092 3511 est,
1105 3441 1147 3497 uti
1162 3442 1258 3511 patet.
1270 3440 1345 3497 Vid.
1358 3454 1450 3511 supra
1463 3440 1564 3495 notam
1577 3437 1616 3493 ad
1629 3434 1843 3491 resolutionem
1860 3434 1871 3489 t

417 3560 461 3624 i2)
480 3558 625 3615 Auctores
654 3564 884 3636 monophysitae
914 3567 1023 3639 ubique
1042 3568 1223 3625 haereticum
1251 3571 1392 3627 Severum
1412 3568 1549 3624 sanctum
1568 3578 1685 3631 vocare,
1704 3564 1735 3618 et
1751 3562 1868 3633 synodo

380 3682 623 3743 chalcedonensi
644 3690 744 3746 notam
766 3690 925 3749 haereseos
944 3694 1061 3751 inurere
1079 3698 1197 3753 audent.

415 3816 457 3881 (3)
477 3813 636 3887 Colligitur
654 3831 688 3873 ex
711 3817 750 3874 iis
771 3835 846 3890 quae
866 3822 913 3879 hic
932 3826 1091 3881 traduntur
1106 3826 1136 3881 lo
1149 3826 1306 3896 quemdam
1327 3823 1447 3880 nomine
1465 3823 1573 3893 Zabad,
1594 3820 1644 3892 qui
1663 3821 1798 3889 tempore
1816 3816 1868 3874 Se·

376 3941 439 3998 veri
458 3942 488 3999 in
507 3943 594 4014 Syria
612 3944 739 4017 vivebat,
759 3949 894 4006 molitum
923 3952 1018 4011 iuiss'e
1038 3969 1090 4024 per
1103 3944 1193 4012 'nefas
1212 3955 1271 4013 sibi
1290 3968 1432 4027 arrogare
1451 3952 1626 4025 dignitatem
1655 3948 1867 4020 episcopalem,

376 4068 419 4125 ita
438 4070 537 4127 tamen
557 4074 588 4127 ut
608 4072 684 4129 idem
711 4074 840 4133 Severus
869 4080 1064 4137 declaraverit
1092 4082 1206 4139 irritam
1236 4083 1333 4152 ipsius
1361 4080 1627 4148 consecrationem,
1645 4080 1675 4133 et
1693 4077 1867 4132 sacerdotes

371 4197 514 4269 aliosque
534 4199 660 4256 elericos
679 4203 717 4257 ab
737 4218 772 4258 eo
791 4204 889 4261 tactos
909 4208 1006 4263 denuo
1025 4208 1211 4266 ordinandos
1230 4209 1409 4279 decreverit;
1427 4211 1461 4268 2ο
1479 4210 1604 4263 eundem
1623 4204 1724 4261 Zabad
1744 4203 1868 4271 insuper

374 4326 517 4383 docuisse
538 4328 694 4419 haeresim,
714 4331 785 4401 quin
805 4335 904 4390 tamen
924 4334 1028 4392 exinde
1046 4340 1255 4409 cognoscatur,
1276 4338 1305 4393 in
1325 4354 1385 4409 quo
1405 4338 1538 4393 eiusdem
1567 4348 1651 4391 error
1668 4329 1865 4389 consisterit.

375 4452 507 4511 lamvero
537 4456 566 4512 in
594 4459 756 4515 vetustiore
786 4460 914 4519 turmula
946 4480 1021 4535 quae
1053 4465 1082 4521 in
1103 4464 1255 4521 nonnullis
1283 4464 1438 4521 codicibus
1466 4463 1575 4535 legitur
1604 4458 1775 4530 omologiae
1804 4472 1858 4512 seu

373 4582 573 4653 professionis
601 4586 669 4643 tidei
698 4588 877 4647 emittendae
896 4594 933 4649 ab
955 4594 1130 4651 ordinandis
1159 4592 1295 4650 diaconis
1315 4596 1343 4649 et
1363 4593 1554 4666 presbyteris,
1583 4591 1654 4662 post
1673 4586 1864 4646 enumeratos
