4584 6309
873 653 912 666 ..
931 621 968 686 ει
995 653 1033 666 -
1059 667 1064 674 .

224 761 333 826 dicitur
355 759 490 824 “Petrus
504 761 536 824 et
548 757 696 823 ioannes
716 757 939 824 ascendebant
953 760 987 823 in
1002 759 1160 838 tempium
1175 757 1218 822 ad
1234 758 1349 821 horam
1371 754 1532 820 orationis
1554 773 1694 836 nonam,

222 897 323 976 (cap.
345 896 422 975 111,r
445 900 477 974 ).

318 1167 401 1232 Cum
434 1169 514 1232 haec
543 1185 604 1233 vos
631 1167 763 1246 auditis,
791 1185 894 1248 quare
923 1166 1079 1232 videmini
1101 1183 1197 1246 aegre
1217 1166 1302 1230 terre
1324 1183 1375 1230 me
1397 1165 1430 1229 in
1452 1166 1592 1231 dicendo
1613 1167 1701 1230 ieiu-

226 1309 304 1372 nium
326 1305 536 1387 protraxisse,
558 1307 647 1387 quod
668 1306 801 1371 tristitia
824 1307 1005 1370 nonnutios
1024 1305 1161 1370 affecit?
1181 1305 1249 1386 Ego
1270 1304 1415 1386 protecto
1445 1305 1541 1369 sicuti
1574 1305 1700 1369 Paulus

225 1444 287 1506 dico
306 1461 314 1506 ε
336 1443 490 1523 quisnam
514 1459 565 1506 me
585 1442 728 1523 gaudere
749 1442 835 1522 iacit,
858 1442 922 1506 nisi
944 1443 1001 1524 qui
1023 1458 1083 1523 per
1103 1459 1155 1506 me
1176 1442 1423 1507 contristatur?
1442 1443 1488 1520 (l)
1508 1443 1591 1506 Nam
1614 1444 1700 1506 hanc

226 1580 335 1659 arripui
356 1579 563 1644 occasionem
585 1580 627 1642 ad
649 1579 907 1660 protrahendum
940 1581 1147 1658 conventum,
1169 1582 1206 1644 ut
1226 1578 1290 1643 diei
1312 1579 1420 1642 maior
1440 1596 1518 1658 pars
1540 1578 1703 1658 praeteri·

225 1719 272 1794 ret,
293 1733 331 1780 ne
352 1716 542 1780 mendacem
565 1715 732 1780 redderem
756 1715 876 1780 tibrum
907 1715 1067 1779 dicentem
1092 1715 1228 1783 “Petrus
1248 1718 1280 1780 et
1300 1716 1448 1780 Joannes
1478 1717 1705 1780 ascendebant

226 1853 259 1938 ad
277 1853 432 1932 tempium
454 1852 496 1916 ad
518 1853 632 1916 horam
654 1851 816 1916 orationis
838 1868 978 1931 nonam,
992 1901 999 1915 .
1014 1853 1062 1916 En
1085 1853 1183 1916 audis
1203 1853 1293 1933 quod
1310 1852 1568 1931 “ascendebant,
1580 1870 1588 1930 ;
1611 1868 1704 1914 num·

226 1987 295 2064 quid
316 1987 392 2051 dicit
414 1988 503 2067 quod
527 1987 805 2068 “descendebant,
822 1991 842 2052 t
861 1989 910 2052 Tu
933 1989 1084 2070 equidem
1115 1988 1240 2069 expetis
1260 1989 1297 2052 ut
1316 1987 1383 2052 alia
1402 1988 1645 2052 annunciemus
1672 1990 1704 2051 et

231 2126 363 2202 legamus
383 2127 482 2205 atque
498 2127 533 2189 ut
547 2127 613 2190 alia
633 2143 779 2206 agamus,
801 2127 933 2208 illisque
954 2126 1121 2192 contraria
1142 2124 1376 2205 perhibeamus
1395 2141 1513 2204 opere.
1527 2126 1579 2187 An
1596 2125 1705 2189 nescis

230 2261 407 2326 hodiernam
434 2262 519 2326 diem
542 2263 603 2326 hoc
625 2261 823 2342 praedicare,
845 2267 881 2328 ut
900 2263 1023 2326 scilicet
1054 2262 1240 2326 ieiunemus
1259 2263 1358 2340 atque
1377 2259 1532 2342 josemus,
1555 2277 1702 2324 necnon

233 2399 259 2459 et
279 2399 460 2463 nutriamus
481 2399 649 2464 Christum
671 2399 728 2479 qui
750 2399 895 2480 esurivit,
917 2399 1041 2480 quique
1071 2415 1231 2479 praesens
1251 2400 1301 2462 est
1322 2399 1482 2462 continuo
1502 2400 1537 2462 in
1560 2397 1706 2477 indigen·
1756 2442 1761 2455 .
1838 2439 1842 2446 ·

227 2533 313 2614 tibus,
333 2536 389 2615 qui
413 2537 454 2600 ad
478 2538 590 2616 portas
610 2538 689 2600 sunt
709 2539 875 2600 sanctas?

322 2672 411 2748 Quid
433 2673 483 2736 est
503 2673 601 2752 igitur
621 2673 711 2752 quod
734 2673 964 2752 praetermittis
985 2689 1070 2754 quae
1091 2673 1232 2737 attinent
1245 2675 1289 2738 ad
1303 2674 1402 2739 istam
1423 2673 1520 2751 diem,
1535 2673 1572 2736 ut
1591 2671 1704 2734 animo

227 2807 373 2872 sollicitus
394 2808 444 2872 sis
465 2809 506 2872 de
527 2809 577 2888 iis,
599 2827 684 2889 quae
705 2813 857 2874 extranea
879 2812 959 2873 sunt
980 2810 1055 2874 huic
1075 2811 1215 2890 tempori
1246 2812 1372 2891 exiguo,
1394 2827 1593 2890 mensaeque
1624 2825 1704 2872 coe-

230 2944 300 3022 lesti,
319 2961 427 3025 neque
459 2944 582 3008 ieiunio
612 2903 846 3010 lconveniunt?
867 2947 901 3010 Si
931 2947 984 3010 die
1013 2945 1097 3013 festo
1128 2947 1268 3026 respicis
1297 2949 1340 3010 ad
1372 2947 1651 3024 manducandum,
1675 2946 1707 3006 et

230 3097 302 3157 quae
319 3081 446 3146 ventris
465 3085 544 3146 sunt
564 3084 702 3163 appetis,
717 3101 873 3164 quonam,
888 3097 1024 3162 quaeso,
1044 3084 1192 3162 tempore
1213 3085 1344 3148 auditor
1365 3087 1502 3164 pacatus
1522 3082 1706 3160 avidusque

231 3216 287 3279 eris
316 3235 462 3284 meorum
493 3221 702 3285 verborum?
723 3221 757 3285 Si
779 3222 888 3286 statim
911 3239 950 3286 ac
971 3222 1012 3285 ad
1045 3221 1215 3286 ecclesiam
1247 3222 1351 3299 venis,
1373 3221 1415 3284 ad
1446 3223 1537 3284 tuam
1569 3220 1704 3282 domum

231 3355 322 3417 redire
341 3357 515 3437 excogitas
537 3359 568 3422 et
588 3361 646 3422 tua
667 3359 743 3422 bilis
764 3359 797 3422 in
821 3359 945 3422 ieiunio
966 3361 1156 3440 exagitatur,
1177 3377 1251 3422 cum
1283 3359 1381 3439 quasi
1412 3373 1537 3422 annum
1571 3357 1705 3435 reputas

232 3505 320 3554 unum
350 3493 443 3556 ilium
465 3493 562 3572 diem,
592 3512 737 3574 quonam
769 3498 925 3576 tempore,
946 3496 999 3560 dic
1030 3497 1120 3576 mihi,
1140 3500 1173 3560 te
1194 3497 1379 3575 alloquar?
1398 3493 1456 3558 Vel
1488 3493 1701 3573 quandonam

230 3625 306 3689 tuam
336 3629 464 3694 nutries
493 3631 638 3695 animam
666 3633 874 3711 esurientem,
895 3651 969 3698 cum
1004 3651 1192 3698 murmuras
1221 3634 1391 3698 assidue?
1412 3632 1479 3710 Ego
1499 3647 1581 3694 sane
1603 3644 1705 3692 nosco

231 3760 434 3831 Ecclesiasten
456 3769 512 3848 qui
535 3770 580 3834 ait
603 3769 754 3834 “cuilibet
775 3771 820 3834 rei
842 3773 975 3850 tempus
993 3789 1107 3850 esse,.

650 4043 695 4104 Ex
715 4059 867 4108 sermone
889 4045 1104 4124 nonagesimo
1125 4046 1273 4108 secundo

538 4178 584 4242 Dc
607 4179 689 4242 hora
710 4165 799 4244 nona'
819 4180 919 4244 feriae
941 4183 1051 4244 sextae
1074 4184 1149 4260 post
1170 4181 1384 4243 Pentecosten

322 4452 406 4515 Cum
429 4452 538 4530 itaque
559 4453 602 4515 ab
623 4452 671 4515 eis
692 4453 704 4529 (
726 4453 752 4516 i.
775 4471 811 4516 e.
833 4454 993 4533 apostolis
1013 4455 1026 4532 )
1048 4454 1178 4518 ablatus
1198 4415 1296 4516 tuerit
1316 4467 1463 4532 sponsus
1483 4453 1582 4529 atque
1603 4449 1700 4512 exai-

260 4709 299 4776 (1)
319 4709 370 4768 Ct'.
391 4711 414 4768 ll
433 4709 575 4768 Corinth.
594 4711 688 4782 Vll,9
