4584 6309
980 611 1074 673 ..51
1102 642 1139 654 .-

311 745 439 810 diaconi
476 748 600 827 ungant
635 745 798 824 mulieres
828 763 869 810 ne
897 747 1058 827 aspiciant
1093 718 1272 809 earundem
1310 746 1499 825 nuditatem,
1535 747 1618 810 beati
1655 747 1798 826 aposloli

309 882 428 946 idcirco
469 884 676 947 tradiderunt
711 882 818 961 nobis,
853 886 885 947 ut
922 884 1012 947 viros
1054 884 1186 963 quidem
1227 882 1419 945 accedentes
1464 884 1505 946 ad
1549 884 1798 963 suscipiendum

311 1020 521 1099 signaculum
546 1036 651 1083 novae
672 1020 758 1083 vitae
780 1020 909 1083 diaconi
932 1020 1099 1085 adducant
1135 1024 1327 1100 ungantque
1360 1023 1434 1083 oleo
1468 1021 1663 1098 sanctitatis,
1697 1038 1803 1100 neque

309 1158 418 1237 quivis
448 1159 534 1221 alius
570 1158 612 1221 iis
647 1157 915 1238 appropinquare
951 1160 1067 1237 potest,
1102 1158 1171 1221 sive
1193 1158 1454 1239 hypodiaconus,
1488 1158 1558 1221 sive
1593 1160 1695 1221 lector
1729 1158 1798 1221 sive

309 1294 474 1358 exorcista
504 1294 623 1358 luerit.
645 1294 762 1357 Laicus
796 1296 903 1357 autem
926 1296 976 1357 vel
1010 1295 1092 1358 laica
1127 1295 1224 1358 etiam
1259 1296 1350 1358 lilius
1383 1294 1526 1357 foederis
1561 1311 1603 1356 ne
1638 1294 1800 1373 inspicere

310 1430 445 1509 quidem
478 1434 622 1511 possunt
657 1430 760 1509 illum,
782 1430 837 1510 qul
861 1448 880 1493 a
902 1430 1052 1494 diaconis
1083 1432 1225 1511 ungitur,
1249 1448 1289 1494 ne
1310 1431 1478 1511 despectui
1512 1431 1666 1511 mysteria
1686 1433 1801 1495 sancta

309 1568 526 1631 obiiciantur.
549 1568 642 1631 Hanc
677 1568 773 1631 etiam
797 1569 840 1631 ob
861 1586 993 1632 causam
1019 1568 1103 1632 beati
1139 1569 1281 1647 apostoli
1305 1584 1372 1631 non
1395 1568 1460 1630 iam
1497 1584 1555 1647 per
1576 1568 1707 1647 scripta,
1738 1569 1798 1634 sed

311 1720 368 1783 per
400 1706 522 1767 oralem
554 1705 682 1767 tantum
718 1704 927 1767 traditionem
963 1704 1220 1767 transmiserunt
1256 1704 1353 1767 nobis
1386 1703 1550 1783 mysteria,
1586 1705 1622 1766 ut
1657 1704 1791 1767 nonnisi

245 1928 248 1932 ⁴
309 1840 490 1921 presbyteri
512 1844 544 1904 et
565 1840 696 1904 diaconi
720 1842 777 1904 illa
798 1844 1009 1921 cognoscant,
1044 1858 1110 1905 non
1134 1844 1244 1905 autem
1276 1840 1431 1921 quilibet.
1455 1841 1668 1903 Diaconissae
1690 1841 1800 1920 itaque

309 1979 350 2041 ad
368 1980 430 2042 hoc
444 1978 577 2042 luerunt
599 1978 778 2057 institutae,
794 1981 828 2042 ut
844 1982 1003 2059 ungerent
1026 1978 1182 2042 mulieres
1202 1981 1417 2058 suscepturas
1438 1978 1666 2059 signaculum.
1688 1980 1797 2054 Quum

307 2112 394 2175 enim
428 2112 646 2192 incongruum
683 2114 735 2193 sit,
771 2116 807 2177 ut
833 2116 989 2179 sacerdos
1020 2115 1177 2179 mulieres
1213 2116 1385 2194 baptizans
1419 2115 1581 2195 adspiciat
1618 2114 1797 2179 nuditatem

307 2250 497 2325 earundem,
519 2248 548 2312 is
567 2252 798 2316 tantummodo
820 2268 964 2331 manum,
987 2252 1129 2315 obducto
1152 2254 1186 2315 in
1209 2252 1317 2315 medio
1338 2252 1422 2330 velo,
1443 2252 1608 2330 expandit,
1630 2253 1661 2315 et
1682 2252 1797 2315 diaco-

307 2386 399 2448 nissa
433 2387 585 2450 admovet
615 2389 678 2450 sub
710 2405 809 2451 manu
853 2390 1034 2453 sacerdotis
1065 2389 1234 2452 mulierem
1267 2389 1509 2467 baptizandam,
1540 2391 1572 2450 et
1601 2388 1673 2467 ipse
1702 2406 1797 2451 suam

308 2522 484 2601 imponens
506 2540 639 2588 manum
663 2524 735 2588 eius
756 2524 864 2605 capiti,
887 2526 967 2605 quin
991 2544 1061 2589 eam
1086 2524 1260 2605 intueatur,
1283 2524 1428 2605 baptizat
1449 2524 1538 2588 illam
1560 2525 1649 2588 trina
1669 2524 1739 2587 vice
1761 2525 1796 2587 in

309 2660 441 2722 nomine
463 2660 571 2723 Patris
593 2664 624 2724 et
645 2662 718 2725 filii
742 2666 773 2727 et
793 2664 937 2743 Spiritus
958 2664 1079 2742 Sancti,
1103 2680 1170 2727 non
1192 2680 1289 2726 secus
1310 2680 1347 2727 ac
1368 2661 1500 2726 diaconi
1521 2663 1698 2726 admovent
1719 2664 1798 2743 bap-

305 2797 473 2863 tizandum
495 2800 656 2862 sacerdoti
678 2800 745 2879 qui,
767 2818 901 2866 manum
924 2818 1053 2881 ponens
1074 2818 1176 2880 super
1195 2804 1294 2881 caput
1314 2801 1395 2879 eius,
1417 2802 1509 2865 illum
1532 2800 1676 2880 baptizat
1697 2800 1760 2877 (l).

215 3044 219 3051 ’
341 3044 383 3110 ll)
402 3043 432 3099 ln
452 3046 614 3115 pontificali
647 3045 790 3116 Syrorum
820 3053 856 3095 ex
875 3034 973 3093 iacobi
1002 3032 1146 3089 Edesseni
1176 3032 1415 3122 resolutionibus
1434 3036 1447 3099 (
1465 3033 1557 3104 Lamy
1576 3049 1615 3103 p.
1638 3034 1689 3089 126
1707 3035 1720 3099 )
1739 3034 1797 3089 de.
1904 3052 1909 3060 ·

306 3171 425 3240 sumpta
444 3170 552 3242 legitur
571 3186 700 3243 sequens
718 3167 875 3228 adnotatio
894 3184 901 3223 :
923 3157 1081 3229 Μοδῦ
1093 3144 1311 3252 §wi-³5³0
1327 3174 1414 3257 Ὺ
1430 3143 1568 3248 [spu
1585 3150 1799 3233 ibam»
1861 3164 1864 3171 '

305 3310 444 3359 .α..;α
464 3276 522 3363 ὦ»
540 3288 611 3373 Ml
634 3283 790 3389 Quo
815 3275 948 3365 dan-’9
970 3297 1081 3371 rm
1102 3282 1209 3376 '22⁸²
1229 3278 1423 3365 l-anltw
1445 3305 1493 3381 ,Δ
1511 3282 1689 3385 &impos
1709 3332 1721 3352 ·
1740 3284 1798 3358 o>

308 3411 345 3501 ol
365 3410 496 3491 lm
519 3422 597 3493 bh
619 3444 666 3519 ,Δ
684 3423 799 3518 ,Μ
820 3469 831 3489 .
852 3390 974 3502 [Λευ
997 3421 1078 3491 aa
1100 3418 1206 3501 ia-ou
1228 3390 1338 3493 rou'lo
1363 3396 1523 3504 ,Κορο
1546 3419 1627 3486 rm
1648 3409 1797 3499 amir

309 3550 341 3630 oi
357 3540 476 3629 lua
498 3554 593 3639 My
614 3546 703 3637 ia(
721 3546 901 3636 [aaran
921 3575 964 3646 ,ρ
986 3548 1045 3633 lli?
1062 3545 1183 3637 0³12
1203 3544 1289 3621 oei.
1310 3541 1470 3651 ῳ(
1489 3569 1618 3630 maor
1642 3540 1797 3623 ium»

306 3676 453 3783 ,xo-s(
470 3678 614 3769 ..s-nii
636 3677 764 3788 lp&
787 3676 809 3763 li
833 3710 887 3783 el
910 3678 1041 3783 lq.»
1062 3708 1105 3777 Q
1126 3732 1137 3751 .
1156 3684 1276 3759 lem
1294 3674 1335 3765 el
1353 3730 1364 3750 .
1384 3662 1618 3757 flavio
1640 3670 1797 3757 ism

307 3839 407 3903 9-20
430 3865 442 3885 ·
462 3799 528 3893 l·-
549 3820 696 3891 §olm
715 3825 864 3895 eam
886 3843 956 3892 oia
976 3812 1137 3913 ῶυψ
1158 3805 1253 3897 {blo
1273 3863 1285 3884 .
1307 3816 1435 3886 ,σὺ
1456 3804 1537 3922 χω(
1556 3807 1682 3913 pani-l
1702 3800 1796 3893 bio

306 3936 451 4021 ainata
471 3947 658 4022 tuoto.
680 3938 773 4025 bolo
793 3966 943 4054 paon>
963 3941 1041 4047 {al
1060 3940 1202 4018 unni·
1223 3965 1346 4055 §.aar
1367 3934 1554 4028 'KQ
1573 3932 1636 4021 ln
1658 3954 1795 4045 ροθὶο

305 4104 468 4174 ‚xorem
489 4070 552 4159 Β
575 4090 771 4149 “Diaconissa
800 4092 911 4149 nullam
930 4089 1053 4147 omnino
1082 4090 1173 4146 babet
1193 4090 1371 4159 potestatem
1392 4088 1422 4143 in
1441 4086 1622 4155 sanctuario,
1651 4086 1793 4157 quoniam

304 4236 371 4276 cum
389 4222 545 4279 ordinatur
563 4222 594 4279 in
613 4220 740 4277 ecclesia
758 4221 820 4275 stat
838 4218 984 4287 (minime
1003 4218 1101 4273 autem
1123 4217 1153 4271 in
1172 4215 1375 4273 sanctuarium
1396 4211 1499 4269 introit
1514 4214 1543 4277 ).
1562 4211 1709 4268 Universa
1727 4213 1792 4269 eius

306 4352 438 4417 potestas
467 4352 540 4409 baec
559 4354 629 4408 est:
651 4352 683 4405 ut
700 4351 799 4405 verrat
826 4364 927 4405 coram
946 4347 1043 4418 altari,
1072 4346 1216 4403 accendat
1243 4344 1356 4401 lumina
1376 4344 1406 4399 in
1425 4342 1597 4399 sanctuario
1626 4344 1791 4400 dummodo

306 4480 458 4551 presbyter
475 4482 527 4536 aul
545 4478 691 4537 diaconus
710 4476 827 4535 absint.
847 4476 952 4533 Potest
972 4474 1001 4531 in
1022 4473 1137 4531 delectu
1157 4472 1321 4544 presbyteri
1344 4473 1373 4527 et
1391 4470 1510 4529 diaconi
1531 4471 1683 4527 extrahere
1704 4487 1792 4542 mys·

304 4605 377 4662 teria
395 4622 429 4663 ex
447 4608 533 4664 theca
561 4604 759 4665 eucharistica
777 4606 806 4661 et
824 4620 860 4661 ea
879 4604 1020 4674 praebere
1039 4572 1219 4658 mulieribus¹
1232 4601 1277 4655 vel
1298 4600 1416 4671 pueris.
1435 4599 1502 4657 Non
1521 4601 1737 4670 potestantem
1757 4614 1792 4655 ex

306 4726 419 4791 mensa‘
434 4737 540 4793 sancta
560 4736 610 4793 illa
629 4736 792 4803 desumere,
812 4748 905 4803 neque
934 4746 1026 4800 super
1045 4730 1127 4787 illam
1147 4745 1182 4785 ea
1201 4728 1370 4799 disponere,
1398 4744 1494 4801 neque
1512 4728 1660 4783 ullatenus
1690 4725 1787 4797 ipsam
