4584 6309
1038 1048 1061 1154 ii

585 1222 673 1299 Quid
694 1222 816 1300 singuli
839 1221 895 1301 qui
919 1223 952 1285 in
973 1221 1132 1301 gradibus
1153 1239 1187 1283 s.
1211 1220 1339 1284 ordinis
1360 1221 1527 1284 constituti

634 1361 713 1422 sunt
736 1360 879 1421 habeant
899 1360 1092 1437 potestatem
1115 1357 1232 1437 agendi
1256 1359 1289 1419 in
1312 1357 1470 1420 ecclesia.

417 1631 428 1691 1
453 1630 637 1709 Episcopus
658 1632 707 1693 est
728 1630 849 1693 Christi
883 1632 989 1693 iocum
1020 1633 1138 1693 tenens
1159 1630 1225 1705 (1).
1247 1630 1373 1693 Nomen
1398 1646 1498 1708 porro
1530 1630 1676 1710 episcopi
1708 1630 1793 1693 idem

303 1768 406 1828 sonat
427 1768 588 1831 aramaice
610 1785 648 1830 ac
670 1767 783 1846 populi
799 1770 938 1830 curator.
961 1767 1067 1829 Habet
1090 1767 1143 1829 ilie
1165 1766 1337 1829 sacerdotii
1362 1769 1564 1844 potestatem,
1580 1769 1614 1829 ut
1630 1767 1794 1845 perillum

242 1929 244 1933 ¹
308 1902 493 1967 eiiiciantur
514 1871 704 1984 presbyteri,
727 1904 867 1980 diaconi,
884 1904 1112 1983 hypodiaconi,
1128 1905 1266 1966 lectores
1281 1906 1312 1967 et
1326 1904 1513 1966 exorcistae.
1536 1904 1631 1967 Hanc
1653 1921 1796 1984 namque

306 2044 499 2117 potestatem
522 2030 667 2119 suscepit
687 2058 725 2103 ex
747 2041 896 2103 oratione
918 2041 1159 2119 episcoporum,
1174 2040 1230 2119 qui
1248 2040 1339 2103 illum
1362 2044 1535 2103 sacrarunt
1550 2041 1583 2102 in
1600 2040 1791 2120 episcopum

303 2193 341 2237 ex
360 2178 468 2255 gratia
489 2164 633 2269 Spiritus
654 2194 739 2257 quae
762 2194 819 2256 per
840 2177 1008 2240 orationes
1029 2178 1208 2239 eorundem
1232 2176 1295 2255 ipsi
1317 2176 1527 2239 conceditur.

413 2316 433 2376 2
454 2314 651 2411 Presbytero
672 2312 826 2376 similiter
845 2312 1001 2375 tribuitur
1022 2314 1064 2375 ab
1085 2313 1251 2392 episcopo,
1275 2312 1331 2391 qui
1355 2312 1464 2391 ipsum
1487 2312 1620 2375 ordinat
1642 2329 1700 2391 per
1719 2286 1793 2392 gra-¹

304 2449 385 2512 tiam
417 2451 569 2531 Spiritus,
613 2454 648 2513 ut
677 2450 877 2513 oblationem
910 2448 1032 2527 oderat,
1066 2452 1174 2511 oleum
1207 2451 1375 2511 consecret
1403 2448 1457 2525 (2),
1488 2465 1607 2527 aquam
1640 2448 1794 2528 baptismi

333 2645 713 2662 nnn-——u—-n-——fl

340 2790 386 2854 (l)
406 2787 459 2845 Cf.
478 2788 579 2858 Epist.
598 2805 631 2845 S.
652 2789 756 2860 ignatii
777 2805 823 2847 m.
842 2792 881 2847 ad
900 2790 992 2851 Rom.
1014 2790 1056 2861 IX,
1079 2792 1109 2847 l.

344 2918 390 2982 (2)
410 2915 523 2973 Exinde
555 2918 679 2987 apparet
710 2918 786 2974 inter
814 2918 914 2975 munia
943 2918 1107 2990 presbyteri
1139 2919 1169 2973 et
1189 2918 1261 2974 illud
1291 2915 1436 2973 recenseri
1457 2930 1562 2985 nempe
1589 2916 1794 2986 consecrandi,

310 3059 366 3100 non
386 3044 445 3102 iam
466 3062 502 3103 s.
521 3046 660 3117 chrisma,
688 3049 741 3103 sed
761 3050 859 3104 oleum
888 3050 1177 3116 catechumenorum,
1197 3049 1277 3117 quod
1305 3048 1394 3103 vocat
1421 3046 1600 3114 sanctitatis
1620 3047 1703 3117 quod
1722 3047 1794 3104 aiibi

308 3174 414 3230 dicitur
432 3174 596 3231 orationis.
617 3175 647 3231 id
666 3178 765 3231 autem
785 3177 998 3246 comprobatur
1016 3177 1092 3230 etex
1105 3190 1162 3229 usu
1182 3175 1258 3231 hanc
1278 3174 1307 3229 in
1327 3175 1404 3230 diern
1426 3175 1543 3245 vigente
1557 3173 1588 3228 in
1601 3173 1659 3229 ritu
1679 3172 1794 3245 Byzan·

308 3300 377 3372 tino,
406 3302 604 3359 Alexandrino
625 3304 653 3358 et
672 3302 833 3373 Chaldaeo,
866 3304 898 3358 ut
918 3318 1022 3373 nempe
1054 3303 1228 3372 praesbyter
1248 3303 1278 3358 in
1298 3302 1478 3359 conferendo
1509 3300 1661 3371 baptismo
1692 3302 1791 3357 oleum

305 3430 459 3487 benedicat
486 3445 581 3501 eoque
609 3433 701 3501 ungat
719 3431 949 3501 baptizandum.
968 3429 1021 3486 Ci.
1041 3430 1194 3499 praedicta
1214 3430 1350 3486 ritualia.
1369 3432 1456 3499 npud
1486 3429 1580 3499 Syros
1613 3428 1711 3483 autem
1732 3426 1789 3483 etsi

305 3560 381 3613 solet
400 3558 477 3614 idem
497 3559 775 3615 catechumenorum
795 3558 893 3614 oleum
907 3560 944 3613 ab
964 3558 1107 3628 episcopo
1127 3558 1261 3614 benedici
1282 3559 1365 3613 extra
1383 3557 1576 3628 baptismum,
1596 3554 1791 3611 nihilominus

305 3685 516 3753 praescribitur
536 3685 565 3741 in
585 3685 661 3741 libro
681 3684 853 3756 pontificali,
874 3687 907 3741 ut
926 3686 996 3755 post
1015 3685 1191 3756 episcopum
1211 3685 1323 3756 singuli
1343 3683 1508 3757 presbyteri
1528 3683 1685 3739 adstantes
1704 3680 1785 3737 reci-

304 3816 363 3869 tent
382 3828 473 3883 super
493 3812 569 3869 idem
589 3814 687 3883 oleum
707 3812 867 3869 formulam
888 3812 1114 3882 benedictionis,
1135 3813 1266 3884 illudque
1285 3813 1374 3884 signo
1393 3812 1491 3869 crucis
1511 3811 1648 3882 signent.
1669 3803 1790 3872 ils-³

305 3939 445 4060 Ὺ-ὗο
466 3940 578 4029 libo:
600 3949 681 4033 ΙΜ
705 3943 783 4037 [0³2
804 3942 913 4027 lano
933 3952 1064 4049 <M
1085 3998 1095 4018 ·
1116 3940 1225 4026 lm-
1244 3959 1374 4049 e⁰t0³0t
1395 3943 1588 4031 ihm-to
1610 3940 1794 4032 ttoni

305 4085 444 4153 §aaa
463 4132 473 4151 .
495 4078 625 4204 llo->j
653 4082 778 4155 ..σιὼ
802 4069 892 4162 anulo
912 4072 1124 4162 bom-2(
1146 4123 1194 4202 ,Ἴ
1212 4082 1271 4155 o>
1290 4106 1442 4157 omno
1462 4070 1580 4156 luo
1603 4107 1644 4173 (ο
1668 4123 1716 4180 5»
1733 4087 1792 4154 o>

304 4262 313 4281 .
334 4204 450 4331 isay
471 4196 619 4291 uias
638 4202 817 4311 ..sa-'0
839 4210 964 4351 aa?
983 4200 1097 4310 ..aar
1117 4222 1287 4312 asmo,
1308 4196 1426 4289 122
1447 4224 1559 4307 φο»
1580 4204 1792 4291 bnans(

302 4350 312 4369 ’
335 4344 585 4427 thre-nm
605 4334 666 4423 οὶ)
692 4349 806 4446 lynx
826 4374 887 4421 or>
909 4344 1096 4449 χωδη
1117 4372 1172 4441 <02
1193 4333 1257 4427 1οᾶ
1287 4358 1362 4413 Post
1388 4355 1595 4411 consecratum
1627 4368 1664 4408 s,
1684 4366 1788 4425 myron

302 4482 424 4539 atterant
442 4487 540 4541 oleum
561 4503 665 4558 purum
687 4488 833 4545 olivarum
850 4488 963 4543 invase
982 4486 1061 4557 quod
1082 4486 1186 4543 tenens
1205 4488 1445 4557 presbyterorum
1460 4497 1536 4537 unus
1550 4481 1701 4551 protendit
1719 4483 1788 4536 ante

301 4608 482 4683 episcopum,
502 4617 531 4667 et
550 4613 710 4685 episcopus
731 4616 866 4673 recitabit
885 4629 976 4683 super
995 4614 1068 4669 illud
1088 4614 1253 4670 orationem
1274 4610 1520 4684 (benedictionis
1539 4610 1550 4677 i
1568 4611 1598 4665 et
1618 4610 1688 4678 post
1707 4608 1787 4678 epis·

299 4751 404 4805 copam
424 4754 530 4796 omnes
559 4746 733 4802 sacerdotes
756 4745 805 4817 qui
826 4746 947 4801 adstant
967 4742 1132 4801 recitabunt
1151 4746 1275 4801 eandem
1294 4743 1461 4800 orationem
1483 4742 1511 4796 et
1530 4739 1694 4811 signabunt
1713 4738 1785 4795 iilud
