4584 6309
1178 642 1215 654 -
1237 610 1278 673 58
1299 644 1336 653 -

620 744 639 803 l
661 742 846 805 Exorcislae
862 758 899 805 ex
914 742 1072 807 iratribus
1092 744 1170 809 filiis
1191 746 1334 809 foederis
1348 746 1392 823 (1)
1413 746 1557 825 sumptio
1580 746 1805 825 instituuntur,
1828 746 1908 826 quin
1932 745 1996 808 illis

514 876 703 956 imponatur
725 894 854 957 manus,
878 894 935 958 per
956 883 1061 943 solam
1084 882 1231 961 episcopi
1253 882 1478 946 auctoritatem
1500 883 1565 960 (2).

620 1014 655 1077 Si
677 1014 754 1093 quis
786 1032 884 1093 porro
916 1020 1086 1098 presbyter
1106 1019 1149 1081 sit
1170 1019 1204 1081 in
1228 1036 1312 1098 pago
1341 1020 1464 1098 aliquo,
1496 1019 1551 1082 ubi
1574 1019 1668 1082 deest
1698 1018 1867 1097 exorcista,
1889 1016 2002 1096 nequit

515 1154 684 1231 presbyter
714 1152 768 1215 ille
798 1155 924 1233 absque
956 1154 1100 1234 episcopi
1133 1155 1275 1217 consilio
1305 1155 1411 1219 facere
1432 1158 1495 1233 (3).
1517 1157 1620 1219 Notae
1651 1156 1738 1219 enim
1771 1157 1851 1218 sunt
1877 1153 2000 1216 formae

515 1289 720 1367 singulorum
743 1290 896 1354 ordinum
919 1291 1203 1370 conferendorum,
1218 1294 1250 1354 et
1270 1293 1547 1371 quemadmodum
1569 1292 1694 1356 formae
1714 1293 1757 1354 ab
1779 1290 1917 1353 invicem
1939 1290 2001 1351 dis·

515 1424 711 1505 tinguuntur
732 1431 762 1492 et
783 1427 946 1507 differunt,
962 1428 1007 1491 ita
1028 1431 1058 1493 et
1079 1429 1185 1492 oratio
1207 1446 1292 1509 quae
1313 1446 1415 1509 super
1435 1430 1587 1510 singulos
1607 1428 1816 1492 ordinandos
1836 1427 1873 1490 lit
1892 1442 1998 1489 coram

517 1564 632 1627 altari.
1739 1542 1741 1546 ¹

622 1702 644 1763 8
664 1700 746 1763 Cum
770 1700 845 1780 quis
861 1700 894 1763 in
917 1700 1106 1780 episcopum
1130 1705 1350 1780 consecratur,
1370 1703 1525 1764 tollentes
1546 1700 1692 1781 episcopi
1713 1699 1881 1780 Evangelii
1903 1698 2003 1762 sancti

517 1836 671 1915 codicem,
694 1836 786 1900 illum
808 1838 956 1916 apertum
980 1836 1153 1915 imponant
1173 1856 1274 1917 super
1295 1838 1402 1917 ipsius
1434 1841 1541 1917 caput,
1562 1856 1636 1901 cum
1659 1854 1796 1917 praeses
1826 1836 2002 1899 eorundem

517 1974 758 2054 episcoporum,
780 1974 942 2053 aquibus
972 1975 1001 2036 is
1022 1974 1270 2037 consecrandus
1302 1975 1361 2053 est,
1383 1974 1411 2037 i.
1434 1992 1470 2037 c.
1505 1974 1722 2053 metropolita,
1755 1972 1867 2037 recitat
1898 1974 2002 2034 notam

519 2110 607 2174 illam
639 2112 820 2175 orationem
852 2128 925 2173 curn
957 2109 1169 2189 impositione
1199 2111 1349 2173 dexterae
1380 2126 1461 2173 suae
1491 2126 1593 2189 super
1614 2110 1760 2173 eiusdem
1792 2110 1892 2187 caput
1923 2106 2003 2169 inira

518 2246 682 2326 Evangelii
706 2246 869 2311 codicem.
891 2247 964 2309 Non
980 2248 1029 2309 est
1044 2247 1152 2309 autem
1175 2246 1421 2309 consecrandus
1442 2247 1618 2326 episcopus
1640 2246 1704 2309 nisi
1727 2246 1920 2325 praesentes
1940 2244 2003 2306 sinl

517 2386 585 2446 tres
619 2384 765 2463 episcopi
788 2384 841 2462 (4),
864 2383 930 2446 imo
961 2400 1068 2461 neque
1099 2384 1168 2445 tres
1200 2386 1392 2461 praesentes
1420 2385 1561 2462 possunt
1590 2383 1781 2462 episcopum
1813 2396 2003 2444 consecrare

518 2522 645 2599 absque
666 2520 826 2582 catholico
846 2522 896 2582 vel
920 2520 1136 2597 metropolita,
1158 2521 1435 2598 quemadmodum
1458 2523 1490 2583 et
1510 2520 1672 2583 Dominus
1694 2522 1808 2582 noster
1829 2518 1934 2581 dixit:
1951 2516 2002 2579 ubi

520 2659 587 2719 duo
607 2660 657 2719 vel
678 2606 857 2719 ffi'si'nt
887 2655 1071 2735 congregati
1095 2654 1128 2715 in
1152 2654 1286 2717 nomine
1317 2672 1399 2735 meo,
1430 2674 1503 2719 sum
1527 2657 1560 2719 in
1593 2656 1701 2719 medio
1733 2670 1846 2719 eorum
1870 2654 1884 2731 (
1905 2654 2004 2717 Math.

521 2792 623 2869 xxlll,
644 2793 685 2855 20
704 2792 735 2869 ).
766 2792 849 2855 Cum
882 2794 990 2854 autem
1027 2807 1162 2870 praeses
1192 2790 1424 2870 episcoporum
1457 2810 1558 2871 super
1589 2793 1681 2856 illum
1713 2794 1817 2855 multa
1848 2793 2005 2869 precatur,

520 2926 668 3007 episcopi
691 2927 798 3005 etiam,
820 2926 876 3007 qui
900 2945 973 2991 cum
996 2944 1036 2989 eo
1058 2930 1145 3005 sunt,
1167 2944 1187 2989 a
1209 2926 1278 2990 Deo
1299 2944 1432 3008 quoque
1454 2927 1640 3007 implorant,
1663 2931 1699 2991 ut
1719 2946 1758 2992 ex
1777 2928 1887 3007 gratia
1909 2924 2004 3005 Spiri-

519 3062 573 3123 tus
594 3060 704 3125 Sancti
727 3061 830 3125 eidem
853 3062 1061 3139 concedatur,
1083 3063 1118 3124 ut
1141 3060 1290 3124 instituat
1311 3063 1531 3141 presbyteros
1552 3062 1721 3135 diaconos,
1743 3050 2003 3141 hypodiaconos,

520 3199 666 3275 lectores,
688 3198 865 3261 exorcistas
880 3200 911 3260 et
924 3197 1140 3273 diaconissas
1164 3199 1273 3276 utque,
1295 3198 1369 3276 ipso
1390 3197 1562 3277 mediante,
1583 3198 1724 3277 singulis
1744 3196 2003 3261 ordinandorum

518 3334 683 3397 tribuatur
702 3336 807 3414 gratia
826 3333 971 3413 Spiritus
992 3336 1023 3397 et
1044 3332 1263 3395 ministerium
1285 3334 1326 3395 ad
1349 3334 1438 3413 quod
1460 3335 1602 3413 quisque
1623 3334 1828 3397 destinatur.

627 3471 648 3531 9
668 3469 750 3532 Cum
774 3470 935 3534 diaconus
957 3470 1169 3548 promovetur
1190 3470 1233 3531 ab
1255 3470 1411 3547 episcopo
1433 3468 1475 3531 ad
1498 3470 1757 3549 presbyteratum
1782 3468 2005 3532 introducatur

522 3607 598 3667 ante
619 3607 721 3669 altare
736 3623 809 3668 cum
827 3605 964 3668 indutus
985 3604 1028 3667 sit
1048 3606 1183 3667 schema
1203 3604 1409 3680 diaconatus
1430 3606 1690 3682 provolutusque
1711 3620 1812 3682 super
1834 3604 2004 3680 utrumque

515 4088 657 4144 voventes
677 4087 889 4145 continentiam
910 4088 1119 4155 observabant,
1140 4086 1358 4155 manebantque
1377 4085 1440 4140 sive
1455 4084 1483 4139 in
1497 4083 1622 4153 privatis
1641 4084 1706 4139 suis
1725 4084 1877 4152 domibus,
1896 4079 2002 4139 sivein

513 4199 639 4258 aedibus
658 4202 802 4259 ecclesiae
821 4203 866 4259 vel
889 4202 917 4259 in
937 4200 1148 4258 monasteriis.
1168 4198 1222 4256 [τ’.
1241 4196 1381 4254 Canones
1399 4214 1433 4254 s.
1453 4196 1605 4256 Rabbulae
1623 4199 1703 4267 apud
1724 4197 1879 4255 Overbeclr
1898 4210 1934 4266 p.
1952 4195 2003 4251 213

515 4314 544 4367 et
562 4308 654 4386 seqq.

550 4430 594 4495 (2)
615 4427 667 4485 Cf.
687 4430 768 4486 dicta
788 4430 817 4487 in
837 4429 1050 4501 praenotandis
1074 4430 1103 4483 10
1122 4428 1160 4483 de
1177 4423 1354 4481 exorcistis.

551 4546 594 4613 (3)
617 4544 643 4601 l.
662 4558 696 4601 e.
714 4542 812 4601 facere
831 4559 884 4601 seu
906 4543 1061 4600 instituere
1079 4538 1275 4597 exorcistam.

552 4658 595 4726 (4)
615 4656 668 4715 Cf.
688 4657 769 4715 Can.
788 4661 803 4715 l
824 4658 953 4715 Nicoen.
966 4673 975 4727 ;
993 4655 1037 4713 C.
1057 4655 1099 4711 A.
1120 4654 1146 4709 l.
1166 4650 1235 4719 Vlll,
1254 4656 1289 4719 4;
1308 4648 1390 4706 Can.
1414 4650 1445 4707 (9
1463 4648 1612 4705 antioch.

552 3972 598 4037 (l)
617 3970 674 4039 Qui
695 3972 725 4029 in
745 3972 853 4042 priscis
874 3971 1073 4028 monumentis
1092 3971 1236 4042 Syrorum
1255 3970 1308 4027 lilii
1329 3969 1451 4026 ioederis
1470 3969 1616 4041 dicuntur,
1635 3973 1707 4027 sunt
1726 3970 1767 4027 illi
1787 3970 1839 4041 qui
1858 3984 1927 4026 sese
1944 3967 2002 4023 Deo
2090 3995 2091 4024 r
