4584 6309
1118 642 1155 653 ..
1176 609 1216 671 34
1238 640 1275 653 ..

557 746 609 811 Xll
652 746 796 810 Ecclesia
817 749 867 809 vel
892 746 1082 826 martyrium
1105 749 1155 811 sic
1176 749 1442 811 consecrantur:
1465 746 1611 825 procedit
1639 746 1815 825 episcopus
1837 740 1948 821 pridie

395 859 399 870 '
447 878 481 937 ct
502 878 605 939 altare
637 876 730 954 erigit
761 876 909 954 illudque
938 878 1109 939 consecrat
1119 895 1127 954 ;
1149 878 1203 940 die
1224 879 1332 940 autem
1365 874 1516 953 sequenti
1549 890 1701 953 egressus
1723 872 1887 952 episcous‚
1916 869 1948 931 si

449 1010 641 1089 martyrium
664 1014 722 1089 est,
745 1014 826 1089 orat,
849 1010 1044 1089 reponitque
1067 1014 1247 1091 martyrum
1269 1014 1321 1073 vel
1343 1012 1571 1090 apostolorum
1594 1026 1673 1071 ossa
1695 1009 1728 1071 in
1751 1008 1825 1072 suis
1847 1004 1946 1069 urnis

451 1148 594 1209 recitans
625 1148 807 1209 orationem
843 1146 1055 1225 repositionis
1086 1149 1212 1211 ossium
1247 1148 1404 1227 ungitque
1436 1164 1540 1209 urnas
1559 1148 1776 1225 opobalsamo
1797 1145 1848 1205 vel
1870 1146 1947 1203 oleo

450 1274 614 1353 fragrante
638 1275 667 1337 i.
689 1293 725 1338 e.
748 1277 835 1339 haud
858 1276 1076 1352 consecrato(
1097 1280 1267 1357 unguntur
1288 1277 1374 1339 enim
1398 1292 1500 1338 urnae
1521 1275 1634 1337 suavis
1654 1275 1768 1337 odoris
1789 1288 1889 1335 causa
1909 1270 1947 1347 );

451 1403 603 1467 similiter
624 1405 766 1483 desuper
788 1406 954 1482 ungantur
976 1409 1006 1468 et
1028 1406 1164 1469 cancelli
1187 1407 1298 1469 aditus
1327 1403 1517 1477 sanctuarii,
1540 1402 1681 1481 itemque
1703 1408 1845 1483 ungatur
1866 1423 1947 1469 crux

452 1534 557 1595 defixa
588 1533 621 1595 in
665 1533 798 1611 pariete,
831 1533 858 1594 si
890 1536 1002 1611 exstat,
1044 1536 1079 1597 ut
1110 1533 1314 1597 deosculanti
1356 1532 1445 1594 illam
1477 1532 1604 1595 exhalet
1635 1534 1757 1596 bonum
1790 1538 1947 1599 odorem.

453 1661 578 1723 Deinde
608 1664 758 1724 absolvat
780 1662 956 1741 episcopus
976 1664 1079 1723 totum
1103 1661 1257 1738 officium,
1280 1660 1436 1723 lectiones
1457 1660 1699 1737 scripturarum
1723 1666 1821 1742 atque
1842 1667 1919 1727 obla
1937 1699 1949 1711 -

450 1798 572 1861 tionem
590 1800 649 1874 (1).
671 1800 705 1862 Si
728 1802 837 1862 tamen
860 1798 1032 1861 difficulter
1052 1799 1131 1861 talia
1153 1802 1307 1877 poterunt
1329 1797 1450 1877 perfici,
1473 1801 1615 1876 ungatur
1634 1801 1736 1862 altare
1758 1802 1800 1863 ab
1822 1802 1947 1881 episco-

452 1952 504 2015 po,
527 1936 738 2015 mittaturque
768 1936 801 1999 in
835 1938 940 1997 locum
974 1936 1028 1999 ubi
1065 1936 1254 2015 erigendum
1288 1938 1346 2011 est,
1378 1951 1537 1997 concessa
1568 1936 1610 1997 ab
1641 1938 1754 1999 eodem
1790 1940 1949 2019 episcopo

450 2072 604 2137 facultate
626 2070 834 2151 presbyteris,
858 2075 892 2135 ut
913 2076 1037 2135 ceteras
1058 2072 1261 2151 adimpleant
1282 2071 1520 2134 caerimonias

559 2208 623 2269 xlll
666 2208 713 2269 llli
737 2209 803 2287 qui,
825 2210 855 2271 vi
878 2208 990 2287 coacti,
1013 2210 1055 2271 ab
1087 2207 1260 2271 haereticis
1290 2224 1410 2271 manus
1443 2208 1685 2286 impositionem
1718 2215 1948 2297 susceperunt,

358 2402 361 2409 ⁴
453 2344 497 2407 ita
517 2346 626 2408 tamen
644 2348 678 2407 ut
693 2346 805 2409 eodem
828 2348 974 2425 tempore
995 2344 1304 2408 anathematizarint
1324 2343 1552 2407 ordinationes
1573 2344 1779 2409 conferentes
1800 2349 1949 2411 eosdem-

453 2498 517 2561 que
549 2482 611 2543 hoc
633 2483 732 2547 modo
761 2482 968 2547 cohibuerint
1000 2499 1038 2543 ne
1062 2481 1144 2561 ipsis
1176 2496 1296 2543 manus
1327 2481 1542 2559 imponerent,
1563 2483 1655 2543 zelus
1682 2482 1825 2561 quidem,
1846 2500 1948 2562 quem

454 2618 700 2697 perhibuerunt,
722 2619 764 2680 ad
787 2620 1049 2696 propulsandum
1083 2618 1207 2681 donum
1239 2616 1468 2694 ordinationis,
1491 2618 1588 2679 laude
1610 2618 1731 2697 dignus
1762 2624 1915 2683 censetur
1938 2643 1947 2689 ε

453 2754 670 2817 nihilominus
691 2755 862 2831 oportebat
884 2755 1006 2817 utalia
1029 2770 1167 2833 prorsus
1189 2753 1315 2815 ratione
1336 2758 1476 2815 conatus
1498 2754 1692 2816 adhiberent
1706 2756 1749 2817 ad
1771 2756 1944 2819 vitandum

452 2891 613 2955 eiusmodi
629 2892 768 2954 facinus
784 2892 1023 2967 Quamoberem
1040 2908 1126 2971 opus
1141 2893 1190 2953 est
1201 2894 1241 2953 ut
1255 2891 1298 2953 iis
1314 2891 1397 2953 idem
1415 2908 1558 2971 prorsus
1571 2879 1703 2971 tempu's
1717 2894 1760 2956 sit
1773 2896 1946 2959 definitum

450 3044 488 3091 ac
511 3028 586 3105 illie,
601 3028 658 3107 qui
673 3028 871 3091 ordinantur
891 3030 933 3091 ab
956 3028 1135 3106 haereticis,
1157 3028 1199 3089 ad
1221 3028 1453 3107 poenitentiam
1476 3030 1654 3107 agendam.
1677 3030 1814 3097 Ratione
1835 3035 1947 3096 tamen

448 3163 507 3225 zeli
531 3180 628 3243 quem
660 3164 919 3242 manifestarunt,
941 3164 1066 3244 aliquid
1099 3182 1136 3226 ex
1166 3164 1272 3242 rigore
1303 3165 1442 3227 canonis
1475 3164 1515 3227 iis
1537 3166 1655 3228 remitti
1687 3169 1803 3245 potest,
1835 3170 1945 3247 prouti

450 3299 613 3363 videbitur
633 3300 806 3379 episcopo.
830 3301 924 3368 Recte
947 3318 1045 3379 porro
1076 3300 1227 3363 nonnulli
1249 3303 1403 3363 asserunt
1426 3300 1501 3362 illos
1537 3301 1671 3363 minime
1691 3303 1826 3366 ordines
1848 3322 1948 3367 rece·

453 3436 550 3515 pisse,
573 3454 610 3499 ex
632 3454 671 3499 eo
693 3439 782 3515 quod
805 3438 892 3499 haud
922 3438 1099 3499 credebant
1120 3454 1157 3497 se
1177 3436 1345 3514 suscipere
1366 3437 1510 3513 ordines,
1532 3440 1630 3516 atque
1652 3438 1773 3501 idcirco
1795 3442 1949 3519 oportere

451 3582 494 3655 ut,
516 3594 588 3639 cum
605 3580 647 3639 ab
662 3576 854 3641 orthodoxis
877 3574 1088 3653 recipiuntur,
1110 3576 1221 3637 denuo
1236 3575 1431 3636 ordinentur
1448 3577 1483 3637 ut
1497 3578 1634 3638 sanetur
1656 3576 1746 3654 prior
1766 3578 1944 3642 ordinatio.

449 3715 495 3777 llli
518 3731 595 3777 vero
617 3714 674 3793 qui
695 3712 880 3775 voluntarie
902 3712 1036 3773 ordines
1057 3713 1099 3773 ab
1122 3710 1294 3773 haereticis
1316 3714 1508 3787 receperunt
1531 3711 1575 3773 rei
1598 3712 1673 3775 facti
1696 3713 1829 3777 fuerunt
1851 3732 1940 3777 com·

450 3851 619 3913 munionis
641 3868 714 3913 cum
739 3847 933 3912 haereticis

554 3988 621 4050 lllll
663 3988 744 4049 lllud
777 4003 853 4048 vero
874 3984 963 4063 quod
996 3984 1107 4061 stylita
1138 3987 1232 4044 stans
1254 3998 1354 4059 super
1375 3983 1564 4044 columnam
1597 3984 1756 4047 efficiatur
1783 3987 1943 4049 sacerdos

445 4126 525 4205 quin
549 4126 733 4204 episcopus
756 4123 811 4201 qui
836 4120 973 4183 inferius
996 4120 1112 4196 manet,
1135 4118 1292 4181 ascendat
1313 4119 1353 4180 ad
1376 4118 1531 4196 stylitam,
1555 4136 1661 4197 neque
1683 4121 1746 4183 iste
1761 4139 1798 4183 ex
1814 4125 1942 4185 colum-

446 4282 487 4325 na
509 4264 549 4325 ad
573 4263 665 4324 illum
688 4260 874 4335 descendat,
897 4260 1006 4335 patres
1029 4272 1069 4316 ne
1090 4255 1256 4318 audiendo
1277 4255 1452 4314 voluerunt
1475 4254 1506 4315 id
1529 4255 1652 4332 audire,
1676 4258 1787 4333 utpote
1809 4257 1939 4335 aliquid

443 4402 606 4462 absonum
630 4406 659 4461 et
682 4400 771 4459 extra
802 4410 962 4457 canonem
995 4392 1278 4469 qualemcumque,
1312 4392 1558 4467 renueruntque
1588 4391 1685 4453 fidem
1721 4392 1810 4454 hisce
1839 4394 1940 4457 dictis

487 4624 544 4633 -—
573 4620 828 4633 ---.--..-..-

477 4752 521 4815 (ll
541 4748 637 4803 Barh.
659 4746 687 4801 in
709 4760 833 4801 nomoe.
852 4760 885 4800 c.
909 4748 917 4800 l
940 4744 1020 4800 sect.
1040 4745 1056 4801 l
1076 4745 1087 4804 l
1109 4741 1180 4797 ibid.
1200 4755 1236 4810 p.
1259 4742 1290 4795 10
1311 4742 1322 4805 l
1342 4723 1394 4797 ct.
1415 4740 1522 4798 librum
1543 4740 1741 4809 pontificalem
1762 4785 1770 4798 .
