4584 6309
1127 615 1166 628 -
1186 584 1229 646 gg
1248 614 1294 636 ..,

470 725 526 804 qui
548 726 598 788 est
635 723 805 802 presbyter
839 721 995 788 ecclesiae
1016 737 1053 786 s.
1074 723 1289 787 Pantaleonis
1310 722 1344 784 in
1367 725 1478 787 monte
1499 723 1623 787 Ucama
1643 733 1734 786 auno
1766 730 1961 801 graecorum

469 861 714 928 benedictorum
741 861 815 924 lssbi
836 860 849 929 i
869 827 992 924 Christi
1018 861 1094 922 1056
1112 859 1126 929 l
1147 863 1295 938 tempore
1315 859 1403 924 Petri
1424 832 1664 940 archiepiscopi
1686 859 1920 936 Antiochiae„

502 1051 508 1058 .
576 997 746 1060 Habemus
776 1013 814 1060 ex
844 996 942 1059 citata
974 995 1218 1075 subscriptione
1248 1013 1370 1060 nomen
1401 996 1572 1060 cuiusdam
1607 995 1743 1059 Antonii
1779 994 1964 1074 presbyteri

469 1133 711 1230 monachi-qui
732 1134 846 1196 auctor
867 1131 989 1195 exstitit
1010 1105 1158 1211 syriacae
1179 1132 1343 1209 versionis
1364 1133 1439 1195 libri
1462 1132 1601 1212 liturgici
1623 1131 1763 1195 Triodii.
1785 1131 1965 1195 Probabile

470 1271 579 1332 autem
596 1271 645 1332 est
659 1269 799 1332 eandem
818 1269 1006 1332 versionem
1022 1267 1126 1331 tuisse
1147 1270 1348 1332 elaboratam
1371 1271 1485 1333 eodem
1505 1272 1664 1348 tempore,
1678 1285 1746 1347 quo
1767 1270 1868 1335 codex
1887 1286 1967 1332 exa-

477 1409 569 1469 ratus
590 1405 660 1484 luit,
683 1422 801 1484 nempe
823 1405 931 1488 medio
952 1406 1085 1468 saeculo
1105 1406 1156 1484 xl,
1171 1408 1221 1468 vel
1245 1408 1345 1486 paulo
1366 1409 1461 1470 ante.
1483 1406 1580 1481 Quod
1602 1405 1720 1469 attinet
1738 1407 1781 1469 ad
1803 1407 1967 1469 Abraha-

472 1559 562 1606 mum
585 1541 793 1620 imperatoris
814 1541 955 1604 scribam
971 1539 1068 1603 cuius
1088 1544 1237 1621 tempore
1257 1542 1366 1606 versio
1381 1541 1548 1621 praedicta
1567 1542 1687 1606 dieitur
1706 1542 1863 1621 coniecta,
1878 1543 1965 1605 nihil

473 1681 514 1742 de
547 1678 620 1758 ipso
655 1678 851 1772 occurrit-in
875 1677 1103 1775 monumentis
1131 1679 1229 1741 nobis
1251 1679 1367 1742 notis:
1390 1678 1568 1758 imperator
1596 1682 1705 1742 autem
1736 1681 1832 1742 cuius
1852 1680 1968 1743 isfuit

472 1815 580 1880 scriba
602 1817 671 1878 erat
702 1814 943 1879 Constantinus
963 1813 991 1876 V
1012 1814 1246 1894 copronymus
1266 1815 1280 1890 (
1299 1815 1458 1876 741-775
1477 1815 1509 1891 ).
1532 1815 1635 1879 Porro
1667 1816 1902 1880 monasterium
1926 1834 1966 1881 s,

472 1951 602 2031 Georgii
626 1951 681 2014 ubi
703 1951 804 2014 codex
818 1951 859 2014 de
873 1966 940 2028 quo
962 1966 1072 2012 sermo
1092 1949 1155 2012 tuit
1174 1951 1396 2029 transcriptus
1410 1951 1497 2014 situs
1512 1954 1582 2015 erat
1596 1951 1630 2015 in
1646 1951 1778 2029 regione
1799 1953 1843 2029 (l)
1857 1952 1942 2016 Beth
1956 1989 1967 2000 -

472 2087 566 2167 Maya
587 2088 600 2164 (
622 2059 692 2155 lm
714 2081 794 2154 bn
815 2087 828 2165 )
851 2086 883 2148 in
907 2087 1047 2165 Daphne
1069 2087 1232 2150 suburbio
1253 2086 1465 2151 Antiochiae.

500 3747 827 3764 ,ψ’-Ἀ

512 3861 557 3927 (1)
577 3858 629 3915 Ct.
649 3857 723 3914 cod.
742 3871 809 3928 syr.
829 3853 910 3913 Brit.
930 3857 1013 3913 Mus.
1033 3858 1133 3915 addit.
1157 3861 1196 3931 12,
1220 3863 1276 3932 152,
1297 3862 1347 3919 ubi
1367 3863 1394 3920 t.
1417 3865 1467 3921 194
1486 3881 1517 3923 r.
1536 3867 1645 3938 legitur
1670 3870 1742 3926 nota
1760 3886 1837 3942 quae
1865 3875 1966 3928 narrat

476 3992 608 4052 codicem
627 3988 722 4046 tuisse
740 3988 891 4043 exaratum
906 3986 1078 4044 inTurlaha
1097 3989 1211 4060 oppido
1231 3990 1406 4049 Antiochiae
1419 3994 1449 4049 in
1464 3995 1584 4066 regione
1603 3996 1677 4053 Beth
1691 3999 1800 4071 *Maya
1819 4000 1849 4055 in
1869 3999 1965 4070 proxi·

480 4122 582 4180 mitate
601 4115 737 4177 coenobii
758 4115 891 4174 Pbsilta.
909 4097 1062 4182 lnbaa
1074 4099 1266 4212 laam-My
1277 4114 1391 4190 lim
1409 4106 1515 4198 labi
1532 4114 1637 4198 itm
1652 4118 1827 4221 '0⁸25ss
1842 4113 1967 4202 atat(

484 4275 501 4308 ι
1048 4213 1245 4327 AM!
1268 4243 1352 4329 lesit
1373 4240 1558 4327 timaeo
1573 4243 1751 4332 linas:
1773 4241 1844 4333 L»
1866 4256 1963 4334 Mt
