4584 6309
1119 1070 1352 1137 praenotanda

1064 1348 1094 1402 1.
1132 1342 1275 1399 tndicatio
1295 1339 1409 1395 codicis

601 1598 635 1660 ln
659 1598 772 1661 eodem
794 1600 915 1678 codice,
936 1604 1024 1665 unde
1050 1604 1087 1664 1¹¹¹
1110 1602 1342 1665 documentum
1359 1598 1419 1661 tuit
1434 1598 1641 1677 desumptum
1664 1601 1883 1667 continetura
1899 1623 1980 1686 pag.

490 1724 552 1786 334
580 1727 621 1787 ad
645 1744 683 1805 p.
705 1730 765 1790 342
796 1730 1027 1793 documentum
1051 1732 1087 1792 til
1111 1732 1200 1809 quod
1232 1729 1285 1791 hic
1315 1728 1422 1791 editur
1451 1727 1502 1789 cui
1536 1729 1700 1805 praefixus
1731 1733 1834 1794 exstat
1865 1733 1980 1797 titulus

490 1870 654 1932 sequens:
679 1856 791 1923 “Ritus
813 1862 843 1921 et
864 1875 1010 1921 canones
1031 1860 1277 1922 ordinationum
1300 1875 1336 1919 S.
1358 1856 1559 1934 Ecclesiae„.
1582 1857 1626 1919 tbi
1649 1857 1799 1921 videlicet
1823 1861 1979 1941 singula·

492 2005 564 2049 rum
596 1990 841 2055 ordinationum
866 2012 1013 2057 necnon
1045 1996 1240 2075 dignitatum
1271 2010 1440 2057 sacrarum
1470 1996 1540 2055 tum
1563 1993 1772 2057 detineantur
1804 1996 1889 2059 ritus
1908 2001 1974 2063 tum

494 2124 683 2191 indicantur
706 2131 819 2193 munia
841 2136 938 2210 atque
960 2133 1086 2197 officia.

601 2254 703 2318 Porro
725 2260 813 2335 quod
829 2262 871 2323 ab
885 2266 1017 2325 auctore
1039 2280 1118 2343 syro
1139 2262 1297 2341 scriptum
1321 2258 1407 2321 istud
1430 2258 1596 2337 prodierit,
1610 2262 1708 2337 atque
1730 2260 1870 2338 proinde
1890 2265 1978 2342 quud

496 2380 580 2442 idem
620 2386 769 2450 exhibeat
804 2392 1061 2455 consuetudines
1098 2393 1246 2471 vigentes
1282 2408 1340 2471 per
1369 2388 1524 2451 ecclesias
1559 2388 1711 2450 subditas
1746 2390 1976 2467 patriarchatui

496 2518 881 2623 Antiochenodubitare
904 2529 990 2590 haud
1012 2528 1126 2591 sinunt
1149 2531 1220 2590 loca
1242 2527 1296 2589 ubi
1321 2525 1456 2588 nomina
1475 2540 1593 2603 graeca
1615 2522 1802 2603 “catholici„
1828 2526 1950 2590 “metro
1969 2564 1979 2576 ·

498 2650 635 2731 politae„
675 2654 936 2739 “chorepiscopi„
970 2666 1001 2724 et
1034 2662 1279 2741 “periodeutae„
1316 2659 1441 2739 syriace
1477 2659 1698 2737 explicantur.
1720 2659 1897 2738 Speciatim
1934 2663 1977 2725 ita

496 2784 727 2865 interpretatur
756 2796 1056 2861 denominationem
1089 2799 1264 2879 episcopi:
1289 2797 1427 2859 “nomen
1458 2795 1602 2874 episcopi
1637 2795 1721 2858 idem
1744 2800 1842 2859 sonat
1863 2797 1975 2877 lingua

495 2926 659 2989 aramaica
681 2946 718 2993 ac
741 2934 852 3010 populi
876 2938 1046 3014 curator„.

1011 3220 1028 3275 2
1082 3214 1228 3271 Detinitur
1246 3213 1331 3268 aetas
1350 3211 1454 3283 scripti

597 3465 693 3539 Quod
715 3469 821 3529 autem
845 3470 959 3532 attinet
979 3470 1020 3531 ad
1043 3469 1179 3531 aetatem
1202 3465 1253 3527 cui
1276 3462 1486 3525 tribuendum
1509 3463 1552 3524 sit
1572 3463 1729 3541 scriptum
1752 3464 1793 3525 de
1813 3481 1881 3542 quo
1902 3464 1976 3543 agi-

488 3600 550 3673 tur,
572 3600 700 3665 videtur
720 3606 834 3666 saitem
851 3605 931 3667 illud
955 3606 1042 3667 haud
1058 3621 1131 3667 esse
1151 3604 1217 3665 fine
1230 3599 1352 3663 saeculi
1375 3599 1480 3677 quinti
1504 3600 1668 3677 posterius
1690 3599 1827 3663 innuere
1848 3600 1968 3663 indicia

490 3743 575 3805 quae
597 3730 701 3792 eidem
725 3732 847 3811 insunt,
870 3750 1011 3812 quorum
1035 3734 1212 3813 praecipua
1234 3731 1287 3793 hic
1307 3728 1499 3806 attingimus
1521 3746 1529 3789 :

599 3870 629 3928 1⁰
651 3868 736 3931 tnter
756 3872 892 3935 clericos
908 3891 973 3935 non
989 3874 1088 3935 semei
1112 3872 1271 3933 memorat
1292 3867 1478 3942 exorcistas
1500 3883 1586 3943 quos
1600 3866 1646 3928 ait
1660 3883 1733 3928 esse
1754 3870 1973 3931 assumendos

488 4009 525 4053 ex
547 3993 704 4059 fratribus
726 3998 737 4075 (
759 4001 789 4062 i.
811 4018 847 4062 e.
871 4001 1073 4077 monachis)
1095 4001 1173 4063 filiis
1194 3996 1506 4075 foederiscoiidcat
1528 3994 1603 4056 illos
1625 3997 1700 4069 post
1722 3996 1969 4075 hypodiaconos

485 4124 516 4183 et
539 4123 684 4203 lectores,
708 4129 899 4204 praescribit
920 4132 963 4193 ab
985 4131 1150 4209 episcopa,
1166 4131 1196 4191 et
1219 4128 1251 4189 in
1275 4125 1368 4205 pagis
1389 4140 1427 4185 ex
1449 4122 1594 4201 episcopi
1617 4124 1809 4185 auctoritate
1824 4140 1843 4185 a
1857 4126 1967 4185 chore·

485 4250 620 4329 piscopo
643 4254 863 4321 instituendos
878 4276 950 4322 esse
966 4276 1024 4337 per
1039 4257 1297 4321 benedictionem
1313 4255 1439 4329 absque
1462 4268 1583 4313 manus
1598 4250 1817 4328 impositione,
1840 4251 1968 4313 iisdem·

483 4397 548 4457 que
570 4382 682 4447 tribuit
714 4405 837 4451 munus
867 4389 1056 4467 imponendi
1092 4405 1211 4449 manus
1242 4400 1342 4463 super
1373 4396 1613 4457 energumenos
1633 4382 1665 4441 et
1685 4382 1846 4457 aegrotos,
1879 4382 1967 4441 nulla

483 4520 647 4584 mentione
663 4522 746 4585 iacta
761 4520 1068 4583 catechumenorum
1092 4514 1401 4579 exorcizandorum.
1423 4509 1544 4570 Ibidem
1568 4506 1704 4585 insuper
1719 4508 1806 4569 haud
1828 4510 1967 4568 obscure

484 4650 646 4719 indicatur
667 4660 744 4719 tunc
766 4656 922 4735 temporis
953 4656 1096 4719 extitisse
1124 4654 1314 4733 frequentes
1345 4646 1523 4711 exorcistas
1545 4643 1577 4705 in
1600 4644 1747 4706 ecclesiis
1769 4660 1835 4706 non
1858 4645 1964 4706 sotum
