4584 6309
1150 624 1187 637 ..
1209 593 1251 656 32
1271 625 1309 639 -

488 748 593 815 copus
614 730 785 811 signaculo
806 728 915 796 crucis
936 730 1063 808 absque
1083 728 1260 797 chrismate
1281 746 1356 795 curn
1388 729 1513 795 interea
1533 730 1611 795 dicit
1634 739 1642 793 τ
1667 730 1922 795 “sanctificatum
1945 732 1980 793 et

488 871 665 952 perlectum
688 870 737 935 est
759 870 821 932 hoc
842 868 945 933 altare
967 867 1001 931 in
1024 866 1158 933 nomine
1179 867 1288 931 Patris
1302 872 1334 933 et
1347 867 1421 935 Filii
1437 870 1468 935 et
1482 867 1627 947 Spiritus
1647 870 1791 949 Sancti,
1814 870 1868 935 Sic
1889 870 1980 933 dicat

488 1008 656 1075 dumtaxat
677 1004 758 1085 quin
781 1004 925 1087 indigeat
945 1003 1011 1069 alia
1032 1003 1201 1071 oratione.

592 1144 632 1205 Vl
674 1140 889 1220 Perspicuum
912 1142 961 1203 est
981 1156 1142 1203 canonem
1165 1140 1318 1205 cohibere
1339 1140 1573 1207 daemoniacos
1592 1159 1613 1205 a
1634 1144 1884 1225 participatione
1898 1160 1979 1207 san·

482 1285 608 1347 ctornm
631 1278 861 1358 mysteriorum
885 1287 893 1341 :
919 1276 1136 1341 nihilominus
1157 1294 1260 1357 quum
1282 1280 1417 1343 sanctos
1447 1279 1655 1345 Timotheum
1678 1279 1722 1357 (l)
1743 1280 1979 1359 archiepisco-

484 1436 562 1500 pum
593 1416 811 1483 Alexandriae
833 1418 864 1477 et
885 1414 1041 1481 Severum
1074 1414 1296 1494 patriarcham
1328 1416 1551 1494 comperimus
1572 1418 1634 1481 hac
1656 1416 1690 1479 in
1713 1433 1748 1481 re
1770 1416 1979 1498 indulgentia

484 1556 588 1621 fuisse
619 1571 708 1631 usos
731 1552 873 1617 dicimus
903 1552 992 1630 qnod
1024 1551 1271 1628 daemoniacus
1293 1553 1350 1631 qui
1372 1552 1601 1632 adimpleverit
1621 1552 1734 1617 omnia
1754 1553 1979 1633 adimplenda,

482 1692 681 1770 ieiuniisque
710 1688 876 1753 navaverit
906 1705 1050 1767 operam,
1084 1687 1248 1767 fueritque
1278 1690 1437 1753 assiduus
1457 1690 1491 1751 in
1513 1692 1673 1766 oratione,
1705 1692 1804 1769 atque
1835 1689 1980 1769 coegerit

482 1845 604 1907 corpus
624 1844 722 1891 suurn
746 1826 826 1889 illud
850 1824 1030 1889 humilians
1051 1841 1089 1887 ac
1110 1824 1260 1904 affligens
1282 1826 1493 1904 poenitentia,
1514 1826 1637 1905 vigiliis
1656 1827 1800 1905 aliisque
1821 1826 1891 1889 Deo
1911 1843 1977 1888 ac-

481 1964 585 2044 ceptis
605 1963 771 2042 operibus
793 1961 820 2025 si
843 1978 863 2025 a
884 1961 1044 2025 daemone
1066 1962 1095 2023 is
1116 1923 1298 2040 exagitatur
1320 1964 1399 2027 noto
1427 1963 1571 2043 quodam
1593 1965 1750 2042 tempore,
1772 1966 1863 2027 extra
1883 1962 1975 2041 quod

482 2120 504 2163 a
523 2100 694 2163 vexatione
715 2099 887 2163 daemonis
909 2098 1069 2175 reperitur
1091 2098 1268 2161 incolumis
1288 2115 1459 2177 sanusque
1480 2100 1513 2162 in
1538 2102 1654 2177 mente,
1676 2100 1885 2179 relinquatur
1906 2100 1976 2176 pla·

482 2236 546 2301 cito
568 2239 599 2300 et
620 2234 840 2299 conscientiae
861 2234 977 2313 ipsius
1001 2236 1036 2299 ut
1069 2233 1235 2313 particeps
1256 2234 1313 2299 tiat
1334 2251 1504 2299 sacrorum
1527 2236 1769 2315 mysteriorum,
1792 2236 1821 2298 si
1843 2235 1979 2314 cupiat,

483 2374 580 2450 Quod
612 2375 720 2437 autem
743 2370 919 2434 statuimus
949 2372 1059 2449 quoad
1082 2371 1252 2447 ieiunium,
1284 2371 1466 2434 orationem
1489 2375 1520 2435 et
1541 2372 1607 2435 alia
1628 2387 1701 2433 cum
1724 2371 1767 2434 iis
1788 2371 1979 2448 coniuncta,

487 2513 519 2577 id
542 2510 718 2576 statuimus
740 2528 778 2573 ex
800 2510 1003 2587 necessitate,
1026 2509 1173 2572 edicente
1194 2509 1338 2571 Domino
1359 2514 1473 2573 nostro
1495 2530 1503 2573 ε
1527 2513 1589 2573 hoc
1609 2528 1715 2591 genus
1737 2528 1804 2573 non
1827 2512 1892 2573 exit
1913 2510 1981 2573 nisi

485 2648 608 2713 ieiunio
630 2650 661 2711 et
681 2646 848 2723 oratione,
872 2645 1002 2721 (Math.
1024 2643 1113 2723 XVll,
1134 2645 1226 2721 20).
1248 2645 1306 2707 Sin
1329 2649 1447 2724 autem,
1470 2649 1545 2725 post
1565 2646 1727 2709 eiusmodi
1749 2663 1859 2725 opera,
1882 2647 1979 2709 mini-

487 2802 538 2847 me
561 2784 615 2847 ille
648 2782 884 2847 daemoniacus
915 2783 1062 2861 sanatur,
1086 2782 1296 2861 perspicuum
1319 2784 1369 2847 est
1390 2782 1422 2845 id
1444 2784 1633 2863 contingere
1656 2784 1696 2845 ad
1719 2783 1827 2861 ipsius
1848 2784 1981 2863 proba·

486 2922 620 2999 tionem,
642 2922 699 2983 aut
720 2920 763 2981 ob
785 2918 882 2983 aliam
914 2934 1048 2985 causam
1082 2918 1144 2983 soli
1180 2922 1290 2984 notam
1323 2918 1402 2996 Deo,
1423 2918 1480 2999 qui
1514 2918 1620 2981 noscit
1649 2918 1802 2999 expedire
1824 2922 1859 2984 ut
1881 2919 1909 2982 is
1930 2918 1984 2981 sic

487 3059 664 3138 plectatur.
686 3056 796 3132 Quare
827 3056 883 3135 qui
906 3056 982 3118 talis
1003 3058 1062 3135 est,
1086 3059 1260 3136 propterea
1281 3056 1370 3136 quod
1403 3055 1574 3135 perfecerit
1594 3073 1680 3135 quae
1712 3061 1807 3121 erant
1827 3059 1870 3121 ab
1902 3057 1980 3137 ipso

488 3195 696 3275 perficienda,
719 3194 878 3257 habeatur
899 3208 1031 3271 quoque
1053 3193 1178 3273 dignus
1200 3193 1257 3256 illa
1279 3186 1492 3271 indulgentia,
1513 3210 1599 3272 quae
1620 3194 1692 3258 visa
1713 3196 1762 3259 est
1784 3193 1954 3273 patribus.

593 3331 646 3394 Vll
688 3330 735 3393 De
758 3329 815 3393 illo
836 3330 892 3409 qui
916 3347 1036 3392 manus
1059 3330 1304 3409 impositionem
1329 3330 1394 3392 iam
1416 3330 1571 3408 suscepit,
1593 3330 1712 3393 deinde
1734 3333 1843 3393 autem
1865 3348 1886 3392 a
1906 3331 1983 3393 dae-

487 3487 584 3533 mone
613 3468 675 3531 fuit
706 3483 894 3546 possessus
916 3468 972 3529 aut
993 3468 1034 3529 de
1066 3467 1123 3529 illo
1144 3466 1202 3546 qui
1236 3468 1383 3529 nondum
1415 3466 1522 3529 iactus
1552 3468 1707 3529 sacerdos
1729 3484 1748 3529 a
1772 3466 1891 3545 spiritu
1920 3465 1986 3529 luit

486 3610 625 3671 adverso
645 3608 790 3682 vexatus,
812 3604 839 3666 si
857 3605 938 3688 post
953 3605 1033 3665 haec
1047 3621 1067 3665 a
1082 3592 1262 3667 daemonis
1283 3603 1499 3681 exagitatione
1521 3602 1614 3666 liberi
1637 3606 1735 3666 ambo
1758 3603 1909 3679 evadunt,
1932 3602 1984 3665 sic

487 3746 691 3807 statuimus:
716 3741 922 3803 intervallum
956 3740 1090 3818 longum
1126 3740 1286 3818 temporis
1319 3738 1521 3816 transigatur
1555 3756 1628 3800 cum
1665 3737 1851 3817 praedictis,
1882 3740 1914 3801 et
1949 3739 1980 3799 si

489 3881 691 3946 interiectum
715 3895 773 3958 per
796 3878 1003 3940 intervallum
1036 3878 1123 3941 haud
1154 3880 1324 3953 vexantur,
1345 3877 1401 3955 qui
1424 3878 1580 3939 sacerdos
1606 3877 1739 3955 quidem
1761 3879 1821 3954 est,
1844 3892 1984 3938 munere

489 4016 660 4085 ministerii
683 4016 846 4094 iungatur,
862 4014 963 4093 etqui
988 4016 1134 4077 nondum
1158 4018 1208 4076 est
1228 4014 1411 4091 ordinatus,
1433 4013 1460 4075 si
1479 4014 1659 4076 necessitas
1680 4013 1776 4087 adsit,
1791 4013 1983 4091 dignusque

489 4375 500 4395 .
522 4314 653 4412 kap»
671 4344 782 4409 ayn-r
804 4328 862 4387 “Ne
880 4332 990 4389 audeat
1010 4334 1166 4403 presbyter
1184 4346 1294 4403 ungere
1313 4332 1358 4387 vel
1384 4345 1560 4387 consecrare
1579 4333 1689 4400 altare,
1704 4333 1715 4396 (
1731 4330 1799 4387 vid.
1818 4330 1893 4386 cod.
1912 4344 1982 4399 syr.

489 4465 571 4523 bibl.
591 4464 681 4535 paris.
701 4478 737 4521 n.
756 4462 792 4519 62
810 4460 838 4517 i.
857 4461 910 4517 214
930 4462 960 4525 ).

526 4595 570 4661 ll)
589 4592 660 4649 Vid.
678 4589 817 4649 Timotb.
836 4588 984 4645 Alexand.
1005 4600 1182 4659 responsum
1203 4588 1264 4654 lll(
1284 4586 1366 4642 Pitra
1386 4585 1447 4642 lur.
1466 4584 1543 4641 eccl.
1561 4599 1611 4655 gr.
1631 4586 1657 4640 t.
1680 4587 1689 4641 l
1713 4599 1749 4655 p.
1768 4587 1821 4641 6:30
1838 4582 1985 4651 )·Porro

490 4726 628 4782 auctores
649 4716 877 4789 monophysitae
897 4730 950 4786 pro
970 4730 1026 4773 sno
1048 4730 1129 4772 more
1149 4714 1328 4773 haereticum
1349 4714 1491 4771 Severum
1510 4712 1597 4768 titulo
1619 4712 1748 4783 “saneti,
1768 4712 1897 4769 ornant.
