4584 6309
1031 552 1069 565 ..
1097 519 1136 582 ῃ
1164 551 1202 564 ..

482 656 538 721 lV.
560 655 673 738 Neque
695 623 835 721 minoris
856 659 935 748 sunt
956 658 1112 720 momenti
1136 657 1270 721 notitiae
1290 673 1377 737 quas
1399 656 1497 720 nobis
1518 655 1693 735 perhibent
1713 656 1860 731 eiusdem

377 793 485 857 Severi
509 793 662 858 homiliae
690 789 934 875 septuagesima
954 797 1072 874 quarta
1094 795 1125 857 et
1147 794 1362 874 nonagesima
1388 795 1535 858 secunda
1555 795 1596 857 de
1617 793 1740 857 ieiunio
1771 796 1860 874 quod

376 930 529 1010 deinceps
549 929 611 993 fuit
632 933 857 1010 nuncupatum
882 929 1167 1010 “apostolorum„.
1188 932 1309 996 Earum
1331 925 1461 996 summa
1483 933 1562 994 haec
1577 933 1649 994 est:
1668 933 1699 994 l0
1719 930 1860 999 Ratione

377 1066 466 1130 illius
486 1065 617 1130 Domini
640 1065 715 1133 dicti
738 1085 746 1128 ι
777 1065 962 1146 “Numquid
984 1070 1125 1146 possunt
1146 1066 1206 1132 filii
1228 1069 1344 1148 sponsi
1368 1071 1487 1148 lugere,
1508 1068 1665 1148 quamdiu
1687 1085 1761 1132 cum
1795 1068 1862 1132 illis

376 1163 431 1267 est
456 1205 636 1283 sponsus?
656 1201 797 1267 Venient
826 1206 934 1266 autem
966 1204 1038 1267 dies
1072 1220 1146 1267 cum
1182 1205 1348 1270 auferetur
1378 1207 1421 1270 ab
1450 1205 1499 1269 eis
1535 1221 1691 1284 sponsus,
1720 1207 1751 1268 et
1782 1207 1862 1268 tunc

378 1340 588 1418 ieiunabunt„
611 1340 624 1417 (
643 1340 751 1404 Math.
773 1339 822 1419 1Χ,
847 1341 933 1418 151,
955 1356 1028 1403 mos
1048 1357 1069 1404 a
1090 1339 1241 1420 pristinis
1260 1339 1466 1419 temporibus
1487 1341 1521 1404 in
1537 1342 1674 1404 ecclesia
1694 1341 1864 1405 obtinebat

377 1493 585 1557 nequaquam
608 1477 776 1540 ieiunandi
798 1495 819 1540 a
839 1477 892 1540 die
914 1477 1176 1544 Resurrectionis
1198 1477 1329 1542 Domini
1353 1479 1521 1558 usquead
1544 1478 1652 1558 ipsius
1673 1479 1863 1542 Ascensio-

375 1629 448 1676 nem
472 1614 505 1676 in
527 1615 665 1692 coelum,
686 1617 718 1678 et
739 1630 813 1678 mox
841 1614 979 1678 invaluit
1001 1631 1082 1678 usus
1110 1613 1323 1694 protrahendi
1346 1614 1428 1678 illud
1448 1616 1580 1694 tempus
1602 1631 1670 1678 non
1693 1613 1862 1680 ieiunandi

376 1767 481 1830 usque
501 1751 544 1814 ad
566 1751 801 1816 Pentecosten.

481 1888 516 1950 2ο
538 1886 661 1951 Exinde
691 1905 750 1952 seu
773 1889 848 1967 post
876 1887 1113 1952 Ascensionem
1135 1890 1186 1951 vel
1209 1887 1434 1967 Pentecosten,
1466 1888 1619 1951 nonnulli
1641 1887 1865 1967 religiosiores

373 2024 539 2088 imitantes
559 2023 698 2088 forsitan
720 2025 891 2104 apostolos
913 2024 1059 2088 ieiunare
1081 2025 1283 2104 incipiebant
1304 2042 1363 2105 per
1383 2025 1497 2104 plures
1518 2025 1598 2102 dies,
1614 2023 1764 2104 plerique
1784 2041 1863 2086 vero

370 2160 460 2224 feriis
482 2163 611 2225 tantum
633 2161 762 2240 quartis
777 2162 809 2223 et
822 2161 934 2240 sextis,
949 2178 1066 2225 omnes
1087 2165 1196 2226 autem
1211 2178 1250 2224 ex
1264 2179 1327 2224 usu
1349 2161 1543 2224 ieiunabant
1563 2160 1645 2223 feria
1665 2162 1757 2224 sexta
1777 2176 1864 2239 quae

373 2299 574 2378 sequebatur
594 2297 791 2362 dominicam
815 2300 1046 2378 pentecosten.

481 2437 517 2498 3⁰
538 2435 596 2497 llla
628 2435 700 2515 ipsa
721 2434 774 2497 die
795 2435 929 2514 synaxis
960 2435 1170 2500 celebabatur
1190 2437 1233 2498 ad
1252 2452 1409 2515 vesperas
1430 2436 1464 2498 in
1487 2433 1679 2498 memoriam
1711 2433 1860 2496 miraculi

372 2571 561 2635 sanationis
590 2570 700 2633 claudi
729 2587 802 2633 cum
825 2573 1041 2634 ascenderent
1062 2571 1181 2636 Petrus
1201 2574 1233 2636 et
1252 2573 1401 2636 Joannes
1421 2573 1463 2636 ad
1484 2573 1642 2650 templum
1665 2571 1748 2634 hora
1770 2587 1861 2634 nona

373 2709 467 2784 (act.
482 2706 530 2785 lll,
549 2706 641 2784 1-6)
657 2706 789 2785 quadie
806 2707 940 2770 nonnisi
955 2709 997 2771 ad
1013 2725 1167 2772 occasum
1183 2708 1266 2772 solis
1279 2710 1452 2772 solvebant
1465 2708 1580 2792 fideles
1595 2706 1678 2769 illud
1693 2705 1862 2770 ieiunium.

482 2843 555 2906 Non
578 2842 637 2906 erit
658 2845 768 2906 tamen
799 2845 860 2907 abs
882 2861 916 2906 re
938 2845 990 2907 hic
1011 2846 1172 2909 adnotare
1193 2847 1234 2908 de
1255 2848 1434 2909 memorato
1465 2842 1590 2908 ieiunio
1622 2844 1804 2906 luculenter
1825 2861 1864 2906 ex

375 2998 448 3045 mox
473 2980 694 3061 producendis
724 2981 870 3060 strophis
891 2983 1073 3061 desumptis
1095 3000 1133 3046 ex
1154 3001 1191 3046 s.
1213 2983 1387 3062 Ephraemi
1418 2983 1552 3061 hymnis
1581 2999 1742 3063 apparere
1764 2997 1863 3044 usum

374 3119 548 3198 antiquum
570 3119 685 3182 saltem
708 3118 850 3182 Edessae
870 3118 982 3197 fuisse,
1005 3121 1040 3184 ut
1060 3121 1175 3184 fideles
1203 3119 1361 3182 ieiunium
1383 3120 1559 3182 observare
1580 3119 1764 3198 inciperent
1784 3119 1867 3183 feria

376 3257 470 3321 sexta
491 3257 566 3334 post
586 3254 824 3318 ascensionem
847 3255 927 3333 quin
950 3256 1156 3320 attenderent
1176 3273 1283 3336 usque
1303 3256 1346 3318 ad
1366 3255 1481 3319 feriam
1502 3257 1626 3318 sextam
1649 3258 1725 3334 post
1746 3254 1866 3319 Pente-

376 3393 510 3455 costen.
533 3391 567 3453 ln
591 3393 713 3470 hymno
734 3389 821 3453 enim
843 3391 885 3453 ad
907 3391 1021 3455 tonum
1045 3375 1110 3463 l...
1131 3412 1177 3462 ω
1199 3377 1240 3470 ο(
1260 3392 1317 3472 qui
1339 3392 1468 3455 canitur
1489 3393 1522 3454 in
1544 3391 1629 3456 festo
1649 3391 1867 3456 ascensionis

377 3544 525 3607 sequens
545 3528 683 3624 stropha
703 3526 890 3590 continetur
909 3513 1056 3602 mlle
1067 3540 1114 3644 P]
1126 3498 1453 3620 llesapxfflne.
1464 3512 1590 3616 „Mil
1609 3519 1700 3601 Ιώ
1716 3529 1775 3595 οὶ
1788 3526 1863 3590 ὼ

376 3803 879 3956 flutsnybpellssyaa
892 3809 1871 3961 alffllaaaobillt‘llwssa·dffl²e²<sse

396 4053 407 4070 ·
430 3978 1515 4137 4ῑὶ35111131*ῑῦθωύαῆϋῖὶῖωόύᾘ)
1536 4019 1872 4121 »wratiss->ea

384 4154 503 4213 “Prima
521 4156 569 4214 die
588 4157 715 4214 ianuarii
729 4159 775 4214 est
787 4158 964 4214 solemnitas
983 4157 1193 4230 Kalendarum,
1212 4172 1271 4228 quo
1292 4156 1406 4214 incolae
1425 4159 1601 4218 Antiochiae
1619 4164 1728 4221 testum
1747 4166 1875 4222 celebra·

384 4285 458 4339 bant
477 4283 507 4340 in
525 4285 651 4342 ecclesia
669 4284 808 4342 Cassiani
828 4287 858 4342 et
877 4284 905 4342 in
925 4284 990 4341 eius
1009 4285 1112 4356 vigilia
1131 4285 1230 4356 ignem
1248 4287 1466 4344 accendebant.
1485 4287 1537 4344 llla
1555 4290 1604 4348 die
1622 4295 1701 4362 apud
1715 4308 1768 4349 eos
1782 4292 1878 4349 missa

384 4412 598 4484 celebrabatur,
626 4413 755 4485 itemque
774 4428 827 4484 per
844 4415 938 4470 totam
967 4412 1084 4484 Syriam
1105 4414 1134 4468 et
1153 4411 1371 4484 lfierosolymis
1390 4415 1419 4468 et
1440 4413 1471 4470 in
1496 4415 1649 4489 Aegypto.
1668 4419 1744 4476 Prae
1770 4420 1878 4476 ceteris

387 4554 458 4596 vero
478 4539 654 4598 Antiocheni
682 4541 733 4598 illa
751 4541 799 4598 die
819 4540 1051 4600 manifestabant
1069 4541 1158 4613 signa
1182 4540 1284 4614 gaudii
1304 4543 1334 4598 et
1353 4540 1540 4612 iubilationis
1559 4547 1656 4617 epulis
1680 4550 1880 4623 manducandi

388 4667 605 4742 bibendique„.
1353 4657 1358 4669 ⁶
