4584 6309
984 1202 1216 1266 praenotanda

791 1483 821 1539 l.
857 1477 1024 1548 Descriptio
1044 1476 1159 1534 codicis
1178 1479 1256 1534 unde
1274 1476 1365 1533 editio
1384 1476 1420 1533 tit

464 1744 585 1811 Rarum
617 1744 859 1823 documentum,
880 1759 948 1823 quo
969 1742 1137 1805 exorditur
1168 1741 1353 1805 studiorum
1382 1742 1585 1820 syriacorum
1608 1740 1645 1803 111
1666 1738 1846 1802 fasciculus

359 1881 457 1947 modo
473 1880 506 1943 in
523 1883 626 1943 lucem
643 1880 808 1959 prodiens,
823 1852 1034 1957 desu'mptum
1050 1881 1100 1941 est
1113 1895 1152 1941 ex
1166 1877 1279 1941 codice
1293 1894 1371 1975 syr.
1388 1881 1520 1941 nostrae
1536 1878 1751 1940 bibliothecae
1766 1893 1846 1955 pag.

358 2019 419 2081 308
440 2020 585 2081 recenter
606 2015 766 2094 exscripto
781 2032 819 2078 ex
832 2017 873 2081 al>
892 2017 1038 2095 ographo
1061 2018 1273 2079 membraneo
1288 2014 1406 2078 litteris
1420 2015 1595 2095 strangelis
1610 2031 1701 2077 saec,
1716 2012 1780 2076 Vlll
1796 2013 1846 2076 uel

364 2155 412 2231 lx,
429 2154 474 2217 uti
497 2153 633 2230 videtur,
662 2154 803 2231 exarat0,
831 2168 928 2230 quern
952 2152 1101 2231 possidet
1121 2153 1260 2215 ecclesia
1282 2152 1497 2215 lacobitarum
1521 2152 1553 2214 in
1575 2151 1698 2230 oppido
1719 2148 1847 2212 Mediad

360 2309 461 2371 prope
484 2294 595 2355 urbem
628 2290 756 2354 Mardin
792 2290 825 2351 in
848 2290 1114 2368 Mesopotamia.
1137 2289 1182 2354 Ex
1218 2290 1281 2354 isto
1316 2291 1514 2352 documento
1550 2292 1671 2353 habent
1705 2290 1848 2353 cultores

360 2444 466 2491 rerum
500 2428 722 2507 liturgicarum
744 2430 813 2491 tum
847 2426 985 2490 breviter
1007 2428 1202 2491 recensitum
1226 2428 1322 2489 ritum
1346 2443 1412 2505 quo
1433 2426 1617 2505 antiquitus
1637 2426 1849 2504 excipiendus

359 2568 428 2629 erat
449 2566 634 2645 episcopus
656 2582 729 2628 cum
752 2565 976 2643 ingrederetur
1007 2566 1120 2629 urbem
1143 2582 1224 2629 suae
1252 2565 1351 2643 sediS,
1373 2567 1442 2627 turn
1472 2565 1725 2644 descriptionem
1759 2565 1849 2628 illius

361 2700 463 2781 partis
485 2702 637 2781 liturgiae
658 2700 894 2765 eucharisticae
915 2718 1000 2780 quae
1022 2718 1182 2767 canonem
1206 2701 1388 2781 praecedit.

826 2983 859 3039 2.
896 2975 1070 3047 Assignatio
1089 2978 1197 3035 aetatis
1216 2980 1385 3037 documenti

470 3244 536 3307 Etsi
572 3246 679 3307 autern
704 3244 916 3305 memoratum
953 3239 1108 3316 scriptum
1146 3242 1271 3304 nullam
1306 3243 1464 3321 temporis
1500 3247 1609 3307 notam
1642 3247 1852 3325 praeseferat,

365 3382 527 3444 nonnulla
547 3384 657 3444 tamen
679 3379 707 3441 ei
731 3378 844 3440 insunt
866 3375 995 3453 indicia,
1017 3392 1102 3455 quae
1124 3376 1352 3443 demonstrant
1381 3383 1530 3459 aetatem,
1550 3383 1593 3445 ad
1616 3400 1715 3460 quam
1738 3384 1851 3463 assig-

366 3516 512 3580 nandum
534 3517 586 3593 sit,
608 3515 741 3579 saeculo
762 3516 852 3575 sexto
877 3528 950 3575 esse
971 3512 1189 3576 anteriorem.

472 3654 510 3717 Et
546 3652 651 3732 primo
686 3650 818 3731 quidem
853 3648 1042 3729 perhibetur
1074 3648 1194 3712 ibidem
1225 3653 1384 3716 solemnis
1406 3652 1626 3717 manifestatio
1657 3657 1688 3717 et
1720 3656 1853 3734 publica

366 3788 538 3870 explicatio
560 3786 748 3868 splendoris
770 3802 938 3849 sacrarum
960 3784 1245 3865 caerimoniarum,
1267 3789 1389 3867 quibus
1410 3790 1594 3852 occurritur
1614 3792 1770 3871 episcopo
1791 3792 1852 3855 ad·

348 3926 510 3991 'venienti
548 3927 699 3989 insuam
736 3923 867 3985 sedem.
903 3922 1143 3985 praeeuntibus
1178 3924 1265 3986 enim
1302 3926 1409 3988 crucis
1442 3927 1570 3989 vexillis
1605 3946 1678 3991 cum
1713 3928 1853 4005 facibuS,

370 4063 569 4141 praecedunt
598 4078 672 4123 cum
703 4060 855 4123 cantibus
885 4057 1003 4136 clerici,
1025 4075 1110 4138 quos
1141 4064 1328 4139 sequuntur
1359 4062 1431 4125 laici
1464 4064 1580 4127 ordine
1610 4065 1772 4144 dispositi,
1793 4066 1855 4127 viri

369 4200 508 4263 seorsim
531 4216 569 4263 ac
591 4198 666 4261 item
700 4196 862 4273 mulieres,
885 4196 989 4257 donec
1020 4196 1216 4273 perducatur
1236 4198 1414 4296 episcopus
1446 4201 1539 4278 prius
1559 4202 1601 4263 ad
1626 4201 1854 4282 “martyrlon„,

370 4334 484 4398 exhinc
506 4336 546 4399 ad
570 4338 696 4415 portam
734 4334 888 4413 majorem
922 4330 1023 4405 urbis
1046 4330 1121 4394 dein
1144 4333 1186 4395 ad
1209 4336 1348 4412 plateam
1380 4336 1583 4415 ampliorem,
1605 4341 1702 4416 atque
1735 4340 1857 4419 ubique

369 4468 480 4548 hymni
503 4471 693 4535 solemniter
707 4468 935 4541 concinuntur,
949 4467 1047 4529 thura
1061 4468 1245 4547 adolentur,
1261 4470 1394 4533 litaniae
1416 4470 1586 4535 manifeste
1603 4477 1857 4552 proclamantur.

373 4606 568 4671 Huiusmodi
591 4626 672 4673 sane
693 4604 903 4685 triumphalis
925 4603 1078 4681 publicus
1100 4610 1281 4684 apparatus
1303 4606 1425 4669 rituum
1448 4610 1741 4673 ecclesiasticorum
1766 4627 1861 4675 non.

376 4742 438 4811 nisi
461 4745 524 4807 sub
546 4746 692 4809 dominio
713 4743 893 4807 christiano
915 4742 1021 4803 locum
1045 4743 1165 4805 habere
1196 4745 1339 4823 poterat.
1363 4742 1505 4807 Proinde
1541 4749 1689 4824 procerto
1724 4751 1861 4810 conclu·
