4584 6309
1199 577 1237 590 -
1256 545 1299 608 80
1318 577 1358 591 ..
1450 541 1454 550 ’

535 708 590 768 tur
611 703 885 784 Hierosolymam,
907 702 1085 781 praeeunte
1105 700 1201 764 coetu
1224 702 1381 765 manibus
1399 701 1549 781 gestante
1570 717 1682 767 ramos
1703 705 1888 783 palmarum
1911 718 2026 768 coram

533 843 617 922 ipso,
639 841 817 921 puerisque
837 837 1104 904 collaudantibus
1125 839 1267 902 eundem
1288 840 1455 919 tamquam
1476 854 1589 904 verum
1606 838 1710 904 Deum
1726 842 1901 919 excelsum,
1913 840 2029 903 dicen·

533 978 690 1058 libusque
723 976 895 1040 “hosanna
916 973 950 1038 iu
973 975 1147 1054 excelsis,.
1170 973 1232 1038 llic
1260 974 1358 1039 etiam
1380 975 1452 1038 dies
1481 974 1595 1054 festus,
1616 993 1690 1040 cum
1712 979 1811 1040 antea
1830 993 1852 1039 a
1871 975 2031 1055 pluribus

536 1113 671 1178 minime
691 1113 888 1176 recoleretur
909 1111 1016 1190 hodie,
1038 1111 1073 1174 ut
1094 1111 1139 1173 ita
1160 1110 1277 1190 dicam,
1299 1111 1386 1191 apud
1408 1110 1547 1190 quosvis
1566 1112 1768 1176 celebratur.
1788 1112 1892 1176 Nemo
1912 1115 2033 1176 autem

536 1250 667 1312 illorum
689 1247 746 1328 qui
779 1245 894 1311 imitati
916 1247 995 1310 sunt
1025 1246 1103 1310 illos
1133 1227 1293 1326 qui'olim
1324 1247 1465 1311 eundem
1497 1246 1618 1312 testum
1649 1249 1880 1326 observabant,
1912 1248 2033 1328 ipsum

536 1385 640 1450 reiicit
659 1387 828 1464 tamquam
851 1399 918 1446 rem
942 1382 1069 1446 noviter
1091 1382 1279 1446 inventam.

643 1521 816 1587 Praeterea
837 1520 870 1584 in
900 1519 1054 1599 precibus
1082 1522 1182 1599 atque
1212 1504 1369 1583 laudibus
1398 1518 1432 1582 tn
1464 1537 1526 1584 usu
1558 1521 1770 1587 ecclesiarum
1803 1523 1914 1602 plurae
1944 1525 2036 1587 sunt

537 1676 622 1739 quae
643 1657 827 1722 successive
849 1656 1001 1720 inductae
1021 1655 1174 1720 luerunt.

1272 1891 1298 1954 11

980 2067 1026 2130 Ex
1047 2082 1202 2130 sermone
1222 2065 1445 2145 octuagesimo
1466 2069 1586 2146 quarto

897 2237 904 2248 ·
959 2203 1007 2266 De
1028 2219 1149 2284 magno
1170 2202 1295 2265 Basilio
1316 2205 1348 2265 et
1369 2202 1410 2266 de
1432 2201 1601 2281 Gregorio,

729 2343 884 2407 Prolatus
905 2343 1014 2405 aulem
1035 2340 1098 2404 tuit
1119 2340 1153 2403 in
1176 2339 1333 2418 martyrio
1353 2338 1526 2418 tlreoplrori
1549 2339 1662 2419 lgnatii
1685 2342 1839 2423 martyris

648 2616 905 2698 imperatoribus
920 2631 992 2678 mos
1013 2615 1064 2678 est
1085 2616 1120 2676 ut
1140 2614 1294 2693 singulos
1315 2630 1373 2693 per
1394 2630 1503 2678 annos
1522 2615 1665 2694 quadarn
1689 2619 1767 2682 nota
1787 2621 1886 2698 atque
1906 2621 2036 2685 statuta

542 2758 604 2836 die,
625 2773 711 2836 quae
733 2771 792 2834 pcr
811 2755 995 2842 temporum
1018 2751 1176 2814 circulum
1199 2753 1357 2830 perpetuo
1379 2752 1565 2831 revolvitur,
1587 2756 1622 2816 ut
1643 2755 1852 2834 egrediantur
1872 2757 1913 2821 ad
1935 2775 2035 2822 cam-

542 2911 620 2974 pum
643 2893 816 2972 impellunt
836 2889 997 2955 exercitus
1019 2887 1159 2951 militum
1174 2891 1223 2951 etc
1238 2933 1365 2952 .....
1386 2888 1492 2952 Simili
1515 2890 1614 2952 modo
1636 2907 1698 2954 nos
1718 2892 1883 2957 credimus
1908 2895 2004 2974 dispo
2019 2932 2034 2942 -

543 3031 652 3096 suisse
674 3029 861 3106 Dominum,
883 3026 939 3106 qui
969 3043 1031 3090 sua
1051 3025 1216 3104 sapientia
1235 3000 1349 3090 omnia
1369 3029 1524 3105 operatur
1545 3027 1780 3108 producitque.
1801 3029 1888 3094 ilinc
1918 3032 2031 3110 magni

543 3129 657 3232 Basilii
681 3167 863 3245 pergratam
886 3162 1076 3226 memoriam
1098 3161 1365 3226 adiunxitinitio
1385 3177 1445 3225 seu
1468 3162 1588 3226 ianuae
1600 3165 1651 3226 vel
1666 3164 1769 3229 aditui
1792 3166 1883 3230 illius
1905 3169 2032 3231 mensis

544 3301 600 3381 qui
624 3299 752 3380 primus
782 3298 862 3362 anni
895 3299 1059 3364 mensium
1090 3301 1245 3362 censetur
1274 3315 1378 3378 penes
1399 3299 1576 3379 Romanos,
1606 3318 1679 3364 cum
1714 3320 1830 3382 nempe
1861 3304 2036 3368 Ianuarius

543 3441 698 3502 vocatur.
720 3437 821 3500 lanua
842 3436 928 3500 enim
946 3436 1041 3516 juxta
1060 3436 1239 3500 eorundem
1263 3436 1409 3516 linguam
1431 3437 1552 3503 dicitur
1571 3439 1712 3503 ostium.

652 3573 874 3650 Quamobrem
897 3573 1041 3636 Basilius
1063 3573 1255 3653 pontificum
1277 3574 1431 3654 princeps
1452 3575 1635 3655 spiritualis
1654 3579 1755 3657 atque
1776 3577 1919 3658 divinus,
1941 3597 2033 3658 prae·

547 3715 597 3788 est
618 3711 715 3777 nobis
737 3711 811 3790 ipso
833 3709 927 3774 initio
956 3710 1068 3774 circuli
1090 3711 1172 3774 anni
1193 3756 1204 3777 .
1223 3757 1233 3777 .
1254 3759 1262 3775 .
1283 3713 1315 3775 et
1336 3710 1484 3792 Gregorii
1506 3713 1661 3794 Theologi
1691 3717 1861 3795 tamquam
1884 3716 2035 3782 eiusdem

548 3846 717 3928 participis
739 3845 892 3948 recolitur
913 3846 1071 3911 memoria
1091 3847 1206 3912 eadem
1228 3847 1301 3913 die.

1271 4080 1309 4144 lll

978 4255 1024 4319 Ex
1045 4271 1198 4320 sermone
1219 4256 1462 4338 septuagesimo
1482 4259 1601 4338 quarto

657 4531 778 4596 Habito
798 4530 880 4594 feria
900 4531 990 4594 sexta
1012 4530 1238 4595 hebdomadae
1260 4533 1335 4610 post
1355 4531 1571 4596 Pentecosten
1593 4531 1627 4594 in
1649 4547 1717 4612 qua
1737 4532 1778 4597 de
1800 4549 1890 4596 more
1913 4533 2039 4600 ieiuna-

550 4672 621 4734 tur.
644 4667 797 4736 Prolatus
827 4670 934 4735 autem
965 4685 1074 4734 sermo
1104 4667 1167 4734 luit
1187 4668 1220 4735 in
1246 4668 1416 4734 lectionem
1439 4668 1625 4735 exactibus
1654 4671 1880 4750 apostolorum
1913 4671 1971 4736 ubi
1994 4674 2040 4737 ita
