4584 6309
959 570 997 581 ..
1025 537 1059 598 41
1091 570 1129 581 ..

307 694 373 741 non
397 694 494 756 posse
517 674 604 755 terri,
628 675 690 738 nisi
715 676 944 753 interponatur
966 675 1183 752 interdictum,
1207 690 1340 737 necesse
1362 678 1410 738 est
1433 678 1467 739 ut
1489 676 1582 755 prius
1613 678 1789 759 interroget

303 832 384 893 eum,
407 814 462 893 qui
485 814 550 877 sub
572 830 634 875 sua
656 810 882 874 iurisdictione
905 828 970 873 non
994 812 1052 889 est,
1074 828 1115 873 an
1139 827 1212 873 sese
1234 811 1277 873 sit
1297 812 1526 875 submissurus
1555 814 1736 893 interdict0,
1758 818 1790 879 et

302 952 329 1013 si
352 952 529 1030 respondet
550 948 751 1025 affirmative,
775 950 882 1026 polest
910 948 1049 1010 eundem
1078 947 1280 1020 interdicere,
1302 950 1333 1010 et
1354 965 1449 1011 nemo
1472 950 1563 1011 illum
1598 951 1715 1029 poterit
1736 954 1790 1015 ab·

301 1088 440 1163 solvere,
464 1084 526 1148 nisi
550 1085 606 1164 qui
625 1086 668 1147 sit
683 1085 882 1147 constitutus
905 1084 1018 1146 maiori
1042 1083 1075 1145 in
1097 1084 1212 1162 gradu,
1235 1082 1278 1146 ita
1299 1086 1408 1147 tamen
1432 1088 1467 1148 ut
1487 1085 1546 1149 fiat
1567 1088 1662 1165 prius
1684 1088 1791 1166 inqui·

303 1224 378 1285 sitio
400 1238 528 1299 causae,
544 1224 573 1285 et
588 1224 667 1285 tunc
688 1223 804 1300 culpae
826 1222 998 1299 reparatio.
1020 1220 1050 1282 ls
1072 1223 1180 1283 autem
1203 1220 1259 1300 qui
1281 1221 1424 1300 aliquem
1447 1222 1620 1286 interdicto
1640 1225 1792 1299 coercuit,

305 1360 422 1435 poterit
442 1360 484 1421 ab
507 1359 681 1422 interdicto
703 1358 843 1420 eundem
866 1360 1030 1421 relaxare.

324 1474 326 1479 ’
411 1496 504 1557 XXXI
547 1494 647 1557 Nefas
677 1497 726 1557 est
748 1496 782 1557 ut
814 1495 984 1575 presbyter
1004 1497 1061 1557 aut
1088 1494 1250 1557 diaconus
1281 1497 1339 1557 aut
1368 1495 1506 1574 quilibet
1526 1497 1613 1560 alius
1634 1498 1667 1560 iu
1689 1499 1791 1577 gradu

306 1631 525 1709 (ordinum)
548 1630 745 1693 constitutus
775 1630 962 1709 quempiam
995 1630 1176 1709 interdicat,
1208 1632 1388 1694 sumendae
1409 1632 1473 1694 sibi
1495 1632 1658 1696 vindictae
1679 1650 1791 1697 causa.
1914 1613 1916 1618 ¹

305 1768 368 1842 Qui
392 1767 502 1846 itaque
525 1767 731 1829 interdictum
753 1766 814 1829 lert
828 1768 869 1829 ad
885 1767 1061 1830 vindictam
1084 1767 1147 1829 sibl
1170 1768 1375 1845 sumendam,
1398 1770 1454 1830 aut
1475 1770 1576 1833 aliurn
1592 1774 1635 1831 ob
1651 1788 1787 1849 pravum

306 1906 405 1968 linem
430 1905 479 1967 sic
501 1904 619 1968 deinde
642 1907 774 1983 rogatur
796 1907 831 1967 ut
852 1906 894 1966 ab
916 1904 1088 1967 interdicto
1111 1904 1168 1965 illo
1189 1904 1403 1967 constrictum
1426 1906 1586 1986 absolvat,
1609 1924 1715 1986 neque
1737 1924 1793 1969 an-

307 2042 377 2105 nuit
408 2041 574 2105 deleratur
606 2040 710 2119 ipsius
741 2041 858 2119 agendi
892 2040 974 2103 ratio
1005 2040 1046 2102 ad
1069 2040 1271 2119 episcopum,
1303 2041 1371 2119 qui,
1403 2045 1551 2105 examine
1585 2043 1745 2122 institut0,
1766 2044 1794 2106 si

305 2181 394 2242 videt
414 2180 554 2242 eundern
577 2181 690 2241 contra
711 2177 762 2240 ias
795 2195 934 2257 poenam
969 2176 1128 2239 inflixisse
1150 2180 1207 2240 aut
1229 2177 1350 2239 iniuste
1371 2179 1511 2241 eundem
1534 2181 1666 2242 obstare
1687 2183 1718 2243 et
1739 2198 1795 2242 re-

308 2333 407 2379 nuere
430 2334 469 2378 ne
490 2317 532 2379 ab
555 2316 611 2377 illa
631 2317 791 2393 absolvat,
813 2315 873 2377 erit
896 2316 928 2377 in
952 2316 1110 2394 potestate
1132 2314 1278 2393 episcopi
1302 2317 1336 2378 ut
1357 2315 1387 2376 is
1409 2316 1479 2394 ipse
1500 2318 1651 2379 absolvat
1671 2318 1713 2379 ab
1736 2316 1792 2377 in·

305 2454 441 2517 terdicto
462 2456 504 2515 ab
526 2454 582 2515 illo
605 2454 796 2531 presbytero
829 2452 963 2530 inflicto,
996 2451 1071 2529 imo,
1093 2451 1121 2513 si
1145 2451 1190 2513 ita
1212 2450 1274 2530 ipsi
1306 2453 1472 2516 videbitur
1502 2454 1620 2533 poterit
1650 2455 1789 2516 eundem

306 2594 531 2671 presbyterum
554 2592 617 2653 sub
639 2606 779 2653 censura
800 2588 1016 2651 constituere.

411 2729 517 2792 XXXll
560 2728 753 2791 Sacerdotes
768 2727 837 2789 sive
852 2726 908 2805 qui
925 2726 1044 2803 iurant,
1059 2726 1128 2788 sive
1144 2727 1200 2805 qui
1217 2726 1328 2789 iurant
1345 2727 1637 2806 'iuramentumque
1657 2726 1792 2804 violant,

304 2867 388 2929 scire
410 2866 530 2929 debent
551 2882 586 2927 se
607 2864 790 2943 transgredi
825 2866 1010 2941 preceptum
1045 2862 1176 2925 Domini
1210 2864 1315 2925 nostri
1345 2865 1423 2927 lesu
1455 2864 1587 2942 Christi,
1610 2863 1666 2942 qui
1700 2863 1797 2926 iussit

304 3002 420 3065 dicens
442 3024 448 3065 :
475 3001 552 3081 “ego
567 3001 641 3063 dico
656 3000 750 3063 vobis
766 3000 867 3063 nolite
890 3000 1055 3089 ullatenus¹
1071 3000 1196 3078 iurare,
1212 3050 1219 3064 .
1241 3001 1306 3076 Qui
1329 3001 1440 3080 itaque
1456 3002 1541 3064 iurat
1556 3002 1616 3078 (l),
1633 3002 1794 3063 iuramen-

304 3144 404 3219 loque
425 3141 498 3217 stat,
521 3141 640 3217 peccat,
662 3138 770 3216 etqui
794 3138 879 3200 iurat
900 3140 931 3199 et
951 3136 1051 3199 violat
1074 3136 1304 3216 iuramentum,
1326 3137 1467 3200 duorum
1491 3141 1695 3217 peccatorum
1719 3156 1796 3201 reus

283 3278 361 3340 tit.
383 3274 607 3354 praecipiendi
645 3276 754 3353 itaque
785 3274 839 3336 isti
872 3277 958 3359 sunt,
991 3276 1025 3335 ut
1056 3273 1193 3335 omnino
1215 3291 1235 3335 a
1256 3274 1327 3337 suis
1358 3275 1474 3337 oribus
1505 3274 1662 3337 abiiciant
1693 3291 1791 3337 usum

308 3412 457 3476 iurandi.
479 3412 611 3474 Etcum
636 3411 741 3489 prima
762 3412 831 3475 vice
853 3412 1049 3475 confitentur
1070 3426 1106 3473 se
1129 3409 1349 3473 iuramentum
1377 3410 1532 3489 violasse,
1554 3410 1797 3473 admoneantur

307 3554 343 3613 ut
365 3548 559 3629 suppliciter
579 3548 682 3611 aDeo
704 3550 855 3626 expetant
875 3548 1014 3624 veniam,
1037 3547 1185 3625 ipsisque
1206 3547 1418 3609 comminatio
1438 3547 1495 3609 liat
1517 3549 1615 3627 quod,
1630 3548 1659 3610 si
1682 3551 1796 3627 postea

306 3686 595 3766 deprehendantur
616 3685 835 3749 iuramentum
859 3686 1011 3763 violasse,
1033 3684 1281 3748 convenientem
1297 3684 1364 3746 sint
1379 3700 1538 3747 canonem
1562 3687 1723 3748 subituri.
1746 3686 1793 3764 Et,

307 3842 381 3888 cum
405 3827 580 3903 postquam
602 3820 799 3917 transgressi
822 3822 944 3885 luerint
966 3822 1185 3884 iuramentum
1209 3820 1416 3899 resipiscant,
1439 3820 1505 3883 illis
1527 3820 1651 3899 infligat
1674 3822 1797 3901 episco-

308 3980 372 4042 pus
392 3960 760 4025 excommunicationem
783 3958 870 4021 iuxta
892 3958 1044 4022 delictum
1067 3960 1156 4038 quod
1178 3957 1441 4039 deprehendetur
1461 3959 1549 4036 apud
1573 3975 1654 4023 eos.

415 4098 534 4162 XXXlll
576 4098 639 4173 Qui
663 4096 744 4159 forte
766 4098 868 4158 semet
890 4096 1075 4157 iuramento
1096 4094 1286 4179 devixerita
1303 4095 1522 4171 perpetranda
1543 4095 1684 4172 actione,
1700 4113 1799 4174 quarn
1859 4160 1863 4169 ,

310 4238 404 4315 putat
426 4236 488 4299 sibi
513 4235 653 4311 noxiam,
676 4230 810 4295 minime
832 4232 882 4295 ias
904 4234 956 4294 est
978 4234 1012 4294 ut
1033 4248 1053 4293 a
1073 4231 1129 4294 tali
1160 4230 1292 4292 vinculo
1314 4230 1369 4291 ille
1390 4231 1538 4293 solvatur
1559 4233 1602 4293 ab
1625 4232 1801 4311 episcopo,

312 4402 662 4421 —ffl-—fi—-q

347 4512 388 4577 ll)
407 4508 459 4567 Cf.
488 4526 520 4567 s.
541 4510 641 4569 Basil.
662 4513 699 4569 ad
729 4512 865 4584 amphil.
885 4530 918 4570 c.
938 4515 973 4571 29
993 4517 1004 4580 (
1025 4513 1106 4569 Pitra
1131 4526 1192 4582 op.
1212 4511 1271 4568 cit.
1292 4526 1368 4581 pag.
1393 4513 1446 4567 590
1465 4514 1495 4578 ).
1515 4510 1568 4569 Ct.
1587 4528 1620 4569 5.
1647 4511 1801 4571 Rabbulae

308 4654 443 4699 canones
465 4641 473 4702 ζ
495 4638 647 4696 Ouerbecu
667 4654 702 4710 p.
721 4642 803 4709 217)
