4584 6309
1198 581 1236 593 ..
1258 549 1300 612 32
1320 581 1357 593 -

532 670 632 768 tatus,
654 705 728 753 cum
750 687 874 752 scilicet
893 685 1079 749 ascenderit
1099 687 1141 749 ad
1163 687 1302 765 coelum,
1317 684 1587 765 descenderitque
1609 684 1799 766 Paraclitus,
1814 688 1868 768 qui
1882 691 1991 756 eosdem

533 829 652 906 docuit,
674 825 857 904 direxitque
879 823 920 886 ad
942 822 1055 886 omnia
1083 821 1234 901 perfecta,
1255 824 1334 886 tunc
1356 821 1419 901 ipsi
1442 821 1652 885 ieiunarunt.
1674 821 1939 888 commemoratio
1955 832 1994 890 est

534 969 643 1046 itaque
677 963 837 1028 hodierna
868 960 940 1024 dies
972 960 1182 1039 ieiuniorum,
1203 977 1289 1040 quae
1316 959 1535 1023 observantur
1565 961 1640 1038 post
1668 958 1790 1024 Christi
1820 962 1993 1028 ablationem

531 1101 835 1180 ascensionemque,
857 1113 998 1178 quorum
1029 1098 1156 1161 dierum
1189 1096 1302 1160 ieiunii
1333 1096 1468 1159 minime
1498 1093 1737 1159 determinatus
1764 1099 1815 1160 est
1843 1115 1995 1162 numerus.

531 1240 683 1304 Salvator
711 1237 797 1301 enim
821 1237 933 1298 noster
964 1233 1134 1298 indefinite
1156 1233 1202 1296 ait
1225 1233 1382 1296 “Venient
1412 1235 1521 1296 autem
1544 1232 1615 1295 dies
1636 1249 1709 1296 curn
1739 1232 1886 1297 aufertur
1903 1237 1941 1297 ah
1958 1236 2013 1298 eis'

532 1394 680 1460 sponsus
700 1377 731 1440 et
750 1349 829 1438 tunc
851 1371 1061 1448 ieiunabunt,
1086 1369 1223 1445 (Math.
1245 1369 1294 1447 lX,
1320 1368 1386 1444 15)

638 1513 707 1577 Nos
729 1528 828 1592 porro
849 1526 909 1590 pro
932 1509 1045 1572 nostra
1068 1505 1200 1586 pigritia
1220 1507 1322 1584 legem
1345 1503 1566 1584 adimplemus
1588 1505 1790 1586 negligenter
1810 1523 1867 1586 per
1885 1525 2002 1571 comme·

534 1650 749 1716 morationem
773 1649 874 1710 unlus
893 1646 1022 1708 tantum
1044 1643 1121 1722 diei,
1142 1659 1237 1722 aegre
1259 1645 1367 1706 tamen
1397 1641 1543 1706 eiusdem
1567 1644 1668 1706 horas
1688 1641 1840 1722 terentes,
1860 1644 2003 1729 etrespi·

532 1791 655 1855 cientes
685 1787 726 1850 ad
758 1791 876 1862 aerem,
906 1797 1058 1845 occasum
1090 1779 1174 1844 solis
1203 1779 1298 1844 anxie
1329 1780 1543 1857 attendentes,
1564 1781 1605 1842 -et
1633 1781 1745 1858 guttur
1776 1782 1949 1860 pandentes
1971 1781 2004 1843 ad

533 1923 790 1991 comedendum.
813 1919 876 1996 Qui
899 1919 947 1982 sic
969 1917 1126 1996 ieiunant,
1142 1916 1277 1983 minime
1291 1915 1359 1980 veri
1381 1919 1461 1980 sunt
1479 1917 1667 1982 christiani.
1689 1919 1799 1982 Nosco
1818 1935 1894 1982 vero
1915 1919 2006 1996 plures

532 2059 589 2143 qui
612 2059 677 2124 ista
699 2057 822 2124 ieiunia
843 2055 1016 2135 diiigenter
1036 2055 1225 2132 observant,
1241 2056 1273 2116 et
1287 2052 1321 2116 in
1344 2053 1417 2132 ipsa
1440 2055 1521 2116 urhe
1542 2054 1717 2120 Antiochia
1737 2058 1817 2119 sunt
1838 2053 2005 2135 praesertin

532 2203 643 2266 castae
665 2197 830 2272 mulieres,
852 2209 937 2274 quae
959 2208 1019 2271 per
1038 2193 1176 2254 cunctos
1196 2189 1268 2254 dies
1287 2191 1402 2253 tenent
1424 2188 1593 2268 ieiunium,
1615 2190 1779 2270 plurimae
1799 2195 1905 2256 autem
1926 2192 2002 2273 ipsa-

534 2355 605 2402 rum
628 2335 776 2399 ieiunant
797 2329 888 2394 leriis
909 2331 1027 2410 quarta
1041 2330 1072 2392 et
1086 2330 1196 2390 sexta.
1211 2326 1351 2390 Eaedem
1372 2326 1523 2390 derident
1536 2343 1619 2390 suos
1638 2327 1729 2390 viros
1744 2335 1915 2408 propterea
1928 2329 2001 2408 quod

536 2474 701 2554 negligant
722 2468 891 2544 ieiunium,
913 2469 944 2530 et
965 2481 1039 2529 curn
1063 2464 1094 2527 hi
1118 2465 1194 2526 illas
1215 2464 1257 2526 ad
1279 2479 1426 2526 mensam
1459 2461 1631 2542 advocant,
1654 2465 1735 2526 nihil
1757 2465 1894 2528 omnino
1914 2463 2004 2544 proh·

534 2612 634 2686 ciunt,
655 2607 715 2672 sed
737 2605 846 2685 potius
868 2602 965 2666 iidem
986 2601 1164 2664 vincuntur
1185 2616 1206 2662 a
1225 2598 1379 2663 foeminis
1400 2597 1577 2662 animabus
1596 2598 1745 2678 sinceris,
1767 2617 1855 2680 quae
1874 2599 2002 2663 ordinem

534 2748 647 2811 tenent
668 2741 893 2824 principalem,
915 2737 1169 2817 dupplicemque
1190 2736 1341 2800 meritum
1363 2734 1522 2812 obtinent,
1544 2752 1619 2798 curn
1641 2735 1812 2801 confident
1830 2755 1866 2801 se
1880 2737 2006 2802 ieiunare

536 2887 634 2964 atque
654 2881 784 2945 vincere
805 2877 903 2943 simul
925 2875 1044 2940 virtute
1065 2873 1198 2953 Christi,
1219 2873 1276 2952 qui
1298 2871 1378 2936 dixit
1399 2891 1407 2935 :
1431 2869 1562 2936 “Virtus
1582 2889 1656 2938 mea
1676 2873 1709 2937 in
1732 2874 1921 2940 infirmitate
1940 2889 2005 2954 per·

535 3021 661 3097 licitur,
675 3066 682 3082 .
