4584 6309
1038 686 1076 699 ..
1101 656 1138 717 13
1159 688 1196 699 -

367 790 454 854 aliae
475 791 538 853 sub
558 789 655 873 titulo
680 790 860 871 “syriacae„
873 793 923 855 vel
942 790 1044 855 “ritus
1059 791 1196 871 syriaci„
1209 791 1263 867 tl).
1285 790 1507 853 proculdubio
1521 790 1683 853 eiusmodi
1698 790 1865 855 orationes

368 930 522 1006 spectant
541 928 583 991 ad
606 927 781 1007 pristinum
804 929 901 991 ritum
924 928 1178 1006 antiochenum,
1210 944 1296 1007 quae
1316 930 1426 991 tamen
1448 927 1593 1006 sequiori
1615 945 1697 991 aevo
1718 946 1756 991 ex
1771 928 1865 991 libris

370 1064 595 1127 Melchitarum
628 1064 766 1126 omnino
788 1064 994 1127 exciderunt.
1016 1064 1165 1127 Praestat
1186 1064 1316 1127 interim
1351 1063 1610 1134 animadvertere
1644 1066 1734 1143 quod
1770 1067 1867 1129 notae

371 1218 457 1279 quas
480 1200 577 1263 modo
599 1200 816 1263 indicavimus
838 1200 1050 1279 suppeditant
1071 1203 1301 1279 argumentum
1323 1201 1365 1262 ad
1387 1198 1609 1263 deliniendam
1631 1203 1779 1279 aetatem,
1801 1219 1869 1281 qua

373 1336 598 1400 Antiochenae
631 1336 788 1399 ecclesiae
818 1336 988 1400 Melchitae
1009 1336 1147 1399 mutuati
1170 1336 1292 1403 fuerint
1313 1336 1411 1399 ritum
1434 1337 1590 1401 ecclesiae
1611 1336 1823 1417 Byzantinae,
1838 1343 1869 1400 et

372 1472 463 1551 quod
507 1472 637 1535 codices
658 1470 746 1534 citati
775 1472 948 1535 exhibeant
970 1472 1070 1536 nobis
1091 1475 1238 1537 vetustas
1259 1472 1417 1552 reliquias
1452 1473 1620 1552 liturgicas
1653 1473 1868 1537 Antiochenae

369 1608 529 1671 ecclesiae
550 1607 594 1685 (2)
609 1657 615 1670 .

481 1744 580 1807 Hisce
603 1743 725 1807 notatis
746 1744 786 1806 de
809 1743 921 1823 lingua
950 1762 1069 1826 graeca
1090 1762 1177 1826 quae
1208 1745 1393 1809 invaluerat
1414 1745 1448 1807 in
1471 1746 1633 1825 quaedam
1662 1748 1734 1846 loca
1754 1745 1870 1825 Syriae

370 1896 479 1959 penes
513 1879 603 1942 viros
637 1878 802 1957 cultiores,
839 1881 917 1943 dum
954 1882 1083 1945 interim
1121 1882 1251 1962 syriaca
1286 1882 1400 1961 lingua
1430 1883 1583 1945 manebat
1629 1881 1663 1943 in
1700 1883 1869 1945 communi

371 2014 614 2079 consuetudine
645 2032 703 2094 per
723 2018 823 2079 totam
846 2016 986 2097 Syriam,
1019 2020 1248 2097 regrediamur
1268 2020 1309 2081 ad
1332 2018 1560 2097 quaestionem
1582 2020 1623 2081 de
1645 2036 1708 2081 usu
1730 2018 1872 2097 duplicis

372 2152 507 2232 linguae
528 2169 663 2232 graecae
685 2156 717 2216 et
737 2153 885 2232 syriacae
907 2155 940 2217 in
963 2156 1113 2235 liturgia.

479 2288 574 2353 Liber
595 2288 705 2368 itaque
722 2286 959 2368 “peregrinatio
980 2292 1022 2354 ad
1045 2294 1116 2355 loca
1140 2294 1272 2368 sancta„
1288 2292 1388 2355 tradit
1408 2291 1498 2369 quod
1520 2290 1760 2370 Hierosolymis
1780 2293 1812 2354 et
1833 2291 1867 2353 in

373 2425 601 2489 adiacentibus
623 2424 705 2489 locis
722 2424 916 2505 “episcopus
938 2427 1011 2491 licet
1032 2426 1141 2491 siriste
1164 2428 1299 2506 noverit,
1313 2430 1423 2491 tamen
1438 2443 1568 2505 semper
1587 2443 1702 2505 graece
1724 2425 1870 2506 loquitur

426 2740 469 2811 u)
493 2739 554 2828 cr.
583 2739 657 2795 coo.
677 2738 745 2795 var.
764 2753 832 2811 syr.
850 2738 898 2795 xx
918 2739 945 2797 r.
965 2742 1007 2812 ra,
1026 2743 1063 2799 ao
1083 2724 1233 2817 latum
1254 2721 1378 2828 lang
1397 2722 1464 2842 rt
1482 2778 1493 2797 .
1514 2718 1627 2811 [aaa
1649 2720 1774 2825 lug
1793 2720 1861 2839 rt

372 2870 431 2927 coo
452 2866 589 2940 syr.x111
609 2864 707 2937 Borg.
726 2865 790 2925 ror.
812 2869 863 2923 ns
881 2882 934 2940 v.‚
954 2872 1007 2927 222
1026 2888 1061 2929 v.
1080 2875 1133 2930 aas
1151 2890 1187 2931 v.
1208 2858 1341 2939 lux(
1360 2874 1406 2932 sic
1424 2878 1437 2942 )
1457 2853 1629 2943 lullum
1651 2855 1756 2943 lla-l
1774 2854 1870 2983 llex3

1537 2995 1669 3076 ileon.
1691 2993 1750 3077 he·
1772 2989 1871 3109 'ml

412 3131 454 3193 (2)
474 3127 602 3185 Codices
622 3125 731 3197 syriaci
751 3126 789 3181 ad
811 3142 897 3183 usum
917 3128 1121 3189 Melchitarum
1142 3135 1254 3191 exarati
1273 3138 1345 3191 sunt
1362 3136 1471 3192 litteris
1490 3152 1566 3207 quae
1585 3135 1702 3191 similes
1720 3138 1792 3191 sunt
1805 3131 1868 3193 illis

377 3255 555 3325 nuncupatis
574 3253 769 3331 estrangelae,
788 3261 877 3331 atque
888 3234 983 3317 ¹iacile
1003 3260 1224 3333 dignoscuntur
1241 3279 1260 3319 a
1278 3262 1385 3319 ceteris
1404 3278 1541 3335 syrorum
1568 3262 1724 3319 codicibus
1743 3277 1778 3318 ex
1795 3264 1870 3335 qui·
1984 3253 1987 3259 ¹

377 3384 503 3439 busdam
523 3383 765 3455 orthographicis
784 3386 828 3443 vel
851 3386 1056 3459 grammaticis
1076 3388 1174 3459 signis
1193 3392 1245 3446 aut
1266 3390 1516 3462 proprietatibus.

482 3510 585 3581 Porro,
605 3527 695 3583 quum
716 3514 860 3585 temporis
879 3516 1014 3587 decursu,
1034 3522 1151 3590 syriace
1169 3518 1311 3591 loquendi
1332 3535 1406 3577 usus
1426 3517 1641 3575 diminueretur
1660 3514 1722 3572 imo
1741 3516 1864 3573 omnino

374 3638 551 3695 obliteratus
570 3646 624 3714 est,
643 3640 848 3703 Melchitarum
878 3645 1032 3719 praesules
1053 3650 1136 3719 prius
1164 3654 1314 3711 verterunt
1331 3648 1451 3707 arabice
1477 3644 1612 3701 rubricas
1631 3645 1699 3702 dein
1719 3647 1865 3715 quasdam

372 3769 537 3843 orationes,
557 3774 585 3828 et
604 3776 722 3833 tandem
752 3777 912 3833 eorundem
942 3780 1111 3849 patriarcha
1139 3782 1308 3839 Euthimius
1328 3781 1363 3837 ill
1382 3778 1489 3837 Carme
1508 3775 1590 3835 filius
1609 3772 1660 3845 qui
1690 3773 1769 3829 sedit
1787 3787 1866 3830 anno
1981 3760 1984 3769 ’

377 3899 441 3955 1631
465 3901 624 3961 universos
643 3904 738 3961 libros
758 3904 914 3977 liturgicos
933 3909 1074 3967 arabicos
1094 3910 1232 3972 reddidit.
1256 3911 1296 3967 uti
1310 3912 1437 3967 testatur
1450 3910 1479 3965 in
1492 3904 1656 3980 appendice
1674 3901 1713 3957 ad
1733 3902 1866 3958 codicem

376 4030 576 4088 bibliothecae
596 4035 717 4090 nostrae
736 4046 846 4089 coevus
866 4037 1023 4108 gregorius
1042 4038 1177 4096 loannes
1196 4040 1358 4111 episcobus
1378 4036 1658 4109 monophysitarum
1679 4020 1868 4142 (9lesp

374 4188 441 4307 ij*
457 4191 629 4291 1).)νῶ
648 4196 724 4282 ΕΝ·
746 4236 754 4251 ·
771 4192 889 4295 'lesu
905 4192 947 4291 d*
965 4198 1059 4294 'taff
1075 4194 1236 4305 (afim)
1251 4166 1356 4281 w(
1380 4228 1427 4298 εἴ
1443 4197 1522 4309 23⁹
1539 4202 1625 4294 Ψ·
1640 4212 1671 4277 ⁴3
1688 4202 1771 4319 ῤ’*
1796 4168 1885 4303 ⁴7(

379 4366 487 4471 assit»
505 4366 635 4473 ‘⁴3be
652 4369 714 4446 tall
730 4366 812 4467 ὼ,
830 4382 866 4443 ,ti
888 4380 1073 4453 “patriarcha
1104 4380 1212 4439 Carme
1239 4398 1424 4455 graecarum,
1443 4400 1509 4441 cum
1538 4383 1620 4437 esset
1647 4382 1742 4455 hlepi,
1761 4397 1868 4439 omnes

379 4552 561 4624 (liturgicos
578 4557 589 4619 )
609 4568 733 4628 graecos
753 4553 848 4609 libros
862 4553 891 4609 in
904 4550 1056 4609 arabicum
1079 4549 1191 4605 idioma
1200 4549 1361 4621 transtulit,
1380 4553 1537 4621 propterea
1556 4554 1636 4623 quod
1656 4552 1746 4609 hodie
1765 4550 1866 4621 lingua

376 4680 495 4751 syriaca
515 4680 544 4735 in
564 4681 713 4737 arabicam
734 4695 786 4751 per
804 4681 920 4755 Syriam
942 4680 1055 4736 mutata
1074 4678 1155 4747 est„.
