4584 6309
1159 524 1197 534 -
1218 492 1259 552 40
1280 522 1318 535 -

496 631 529 693 in
552 632 644 694 solos
676 630 875 693 haereticos.
898 629 1082 709 Episcopus
1103 645 1181 691 vero
1211 631 1419 693 anathemate
1450 628 1560 710 plectit
1582 645 1648 690 non
1671 628 1780 691 solum
1803 624 1999 689 haereticos

493 768 551 831 sed
567 766 669 845 etqui
693 768 851 829 labuntur
873 766 906 829 in
930 768 1063 845 peecata
1083 782 1169 845 quae
1190 782 1337 829 canones
1357 767 1565 829 anathemate
1587 765 1765 827 damnant.
1787 762 1852 838 Qui
1877 762 1998 841 itaque

497 904 581 967 hnes
604 902 794 967 excedentes
816 920 874 981 per
897 902 989 965 neias
1010 904 1327 981 anathematizarint,
1355 920 1429 965 cum
1450 902 1580 967 veniam
1603 904 1766 982 expetunt,
1787 903 1816 964 si
1838 918 1877 963 ex
1896 899 1963 962 sim
1984 933 1996 943 ·

498 1041 573 1120 plici
596 1038 727 1118 quidem
752 1039 872 1102 motivo
903 1040 1078 1102 anathema
1099 1040 1236 1102 tulerint
1264 1040 1463 1102 concedatur
1484 1038 1526 1101 iis
1545 1039 1655 1117 venia,
1676 1038 1789 1101 addita
1809 1037 1996 1099 commiua-

491 1177 581 1240 tione
602 1177 691 1257 quod
714 1176 823 1239 debito
844 1176 962 1239 canoni
985 1175 1202 1239 subiicientur
1215 1176 1243 1239 si
1259 1192 1376 1239 rursus
1391 1176 1424 1238 in
1440 1176 1602 1239 eiusmodi
1624 1191 1792 1238 excessum
1815 1175 1995 1253 prolaben-

495 1319 566 1378 tur.
589 1314 752 1377 Sacerdos
784 1314 891 1377 autem
924 1312 979 1392 qui
1003 1330 1040 1375 ex
1062 1313 1238 1393 cupiditate
1268 1316 1318 1375 vel
1340 1313 1428 1392 turpi
1444 1303 1446 1308 ’
1461 1316 1553 1376 lucro
1573 1314 1623 1376 vel
1645 1314 1690 1375 ob
1710 1312 1886 1376 vindictam
1920 1310 1993 1373 sibi

491 1451 685 1515 sumendam
707 1452 883 1513 anathema
904 1448 1084 1528 protulerit,
1108 1450 1195 1513 illico
1217 1466 1325 1530 poena
1346 1452 1523 1529 plectatur.
1544 1450 1584 1513 Et
1604 1452 1671 1529 qui,
1694 1452 1870 1529 postquam
1891 1465 1960 1510 ana
1973 1484 1987 1494 -

490 1592 600 1652 thema
622 1588 766 1667 protulit,
789 1587 822 1649 in
845 1604 909 1650 sua
941 1588 1088 1666 persistit
1119 1587 1268 1664 audacia,
1291 1586 1379 1649 illico
1400 1588 1463 1649 sub
1485 1588 1614 1649 decreto
1636 1585 1994 1651 excommunicationis

491 1726 694 1789 costituatur.
716 1723 798 1785 Cum
821 1726 928 1785 autem
951 1724 1063 1786 variae
1084 1724 1152 1786 sint
1172 1740 1292 1786 causae
1313 1724 1436 1803 quibus
1456 1723 1559 1802 aliqui
1583 1724 1761 1787 incitantur
1782 1724 1825 1787 ad
1846 1725 1988 1786 anathe-

493 1880 547 1926 ma
569 1860 812 1939 proferendum,
841 1862 911 1923 tum
947 1863 1078 1939 tempus
1110 1860 1469 1939 excommunicationis,
1489 1864 1559 1923 tum
1580 1878 1686 1940 genus
1708 1878 1835 1940 poenae
1855 1860 1923 1923 sint
1945 1861 1984 1922 in

493 2000 652 2079 potestate
675 1998 818 2077 episcopi
833 2046 840 2060 .

602 2134 697 2197 XXIX
739 2134 821 2197 Cum
844 2134 999 2213 superius
1020 2135 1164 2197 diximus
1194 2136 1356 2198 sacerdoti
1378 2135 1431 2200 ias
1453 2137 1541 2199 haud
1563 2152 1638 2199 esse
1660 2135 1723 2198 nisi
1746 2137 1838 2198 solos
1862 2136 1989 2197 haere·

493 2272 578 2335 ticos
609 2271 895 2349 anathematizare,
931 2272 1008 2334 hinc
1036 2274 1087 2333 est
1121 2274 1211 2351 quod
1243 2276 1354 2352 peccat
1385 2275 1542 2337 sacerdos
1573 2273 1640 2351 qui,
1676 2275 1767 2335 extra
1801 2270 1986 2350 praelatam

490 2426 634 2487 causam,
657 2406 779 2487 profert
801 2408 986 2481 anathema,
1009 2406 1184 2486 praecipue
1205 2409 1312 2470 autem
1329 2408 1363 2469 in
1379 2426 1476 2471 suum
1499 2410 1656 2488 collegam
1679 2411 1905 2488 presbyterum
1929 2410 1985 2469 vel

491 2546 525 2607 in
547 2546 742 2609 diaconum.
765 2546 879 2607 Peccat
902 2543 1040 2606 maxime
1062 2560 1195 2622 quoque
1217 2544 1378 2607 diaconus
1399 2545 1455 2624 qui
1477 2520 1654 2608 anathema
1674 2545 1799 2623 profert
1818 2545 1987 2607 adversus

493 2687 717 2765 presbyterum
733 2684 783 2745 vel
800 2684 956 2761 collegam
980 2700 1076 2745 suum
1099 2683 1285 2762 diaconum,
1307 2688 1405 2763 atque
1420 2700 1459 2747 eo
1475 2685 1582 2748 maius
1604 2686 1712 2764 ipsius
1732 2687 1782 2748 est
1803 2686 1987 2764 peccatum,

492 2824 581 2903 quod
611 2823 732 2884 temere
761 2834 966 2898 supereum,
989 2819 1045 2899 qui
1068 2820 1226 2883 excelsior
1246 2823 1296 2883 est
1318 2820 1400 2899 ipso,
1421 2838 1494 2885 sese
1525 2823 1684 2898 extulerit,
1706 2825 1763 2885 aut
1784 2838 1986 2901 supereum

493 2960 550 3041 qui
572 2958 635 3021 sibi
658 2956 807 3036 aequalis
828 2958 877 3019 est
899 2955 931 3017 in
953 2956 1079 3034 gradu.

601 3094 782 3157 Monachus
798 3092 810 3167 (
824 3092 988 3171 simplex)
1004 3096 1035 3155 et
1049 3093 1229 3157 saecularis
1245 3096 1352 3170 homo,
1368 3094 1395 3156 si
1411 3097 1587 3158 anathema
1601 3096 1716 3158 dicunt
1730 3096 1764 3157 in
1779 3094 1985 3157 sacerdotem

425 3278 430 3289 ·
500 3238 557 3301 aut
577 3234 610 3297 in
633 3249 714 3295 suos
735 3231 876 3309 sodales,
898 3234 1034 3309 peccant
1055 3234 1086 3294 et
1108 3232 1181 3310 ipsi,
1203 3233 1248 3295 uti
1274 3236 1378 3311 patet;
1400 3232 1509 3295 sciunt
1529 3233 1616 3295 enim
1638 3233 1738 3311 quod,
1759 3250 1833 3295 cum
1857 3233 1984 3295 nullam

491 3375 634 3440 habeant
655 3371 847 3450 potestatem
869 3370 1044 3431 anathema
1064 3369 1200 3448 ferendi,
1222 3370 1356 3433 nonnisi
1379 3370 1534 3449 passione
1555 3370 1680 3448 abrepti
1703 3370 1913 3433 anathemata
1943 3370 1979 3431 in

494 3516 570 3577 illos
591 3508 759 3589 proterant
781 3506 822 3567 ad
846 3505 1040 3568 inurendam
1064 3506 1217 3569 iniuriam
1240 3508 1538 3585 contumeliamque
1559 3507 1657 3585 ipsis.
1680 3507 1820 3569 Necesse
1841 3508 1890 3569 est
1904 3522 1986 3584 ergo

495 3656 529 3715 ut
551 3652 581 3711 et
603 3647 655 3709 isti
680 3644 919 3721 redarguantur
939 3646 970 3706 et
992 3644 1276 3724 reprehendantur
1296 3645 1338 3705 ab
1360 3644 1534 3723 episcopo.

600 3780 681 3845 XXX
723 3779 796 3841 Non
820 3778 893 3840 licet
916 3778 1142 3856 presbyterum
1166 3777 1359 3845 interdicere
1382 3779 1445 3842 nisi
1470 3781 1661 3858 presbytero
1682 3779 1739 3858 qui
1755 3778 1798 3841 sit
1814 3778 1984 3856 chorepis-

495 3939 609 4003 copuS,
632 3918 824 3999 periodeuta
844 3917 901 3977 aut
921 3913 1071 3976 visitator
1092 3932 1099 3975 :
1123 3930 1198 3977 nam
1223 3916 1254 3977 hi
1277 3916 1339 3979 soli
1363 3919 1554 3995 potestatem
1578 3918 1700 3979 habent
1720 3915 1936 3978 interdicendi
1952 3930 1986 3989 et

493 4062 585 4125 solos
607 4057 738 4137 quidem
761 4053 837 4115 illos
858 4050 914 4129 qui
937 4049 998 4112 sibi
1022 4050 1143 4113 subditi
1166 4055 1262 4114 sunt.
1284 4053 1381 4115 Extra
1409 4053 1594 4131 praedictos
1615 4054 1724 4114 autem
1748 4069 1815 4116 non
1838 4054 1984 4130 possunt

494 4194 686 4261 interdicere
710 4190 772 4253 nisi
795 4189 887 4251 illum
910 4187 965 4266 qui
989 4204 1026 4249 se
1048 4189 1272 4251 subiecturum
1295 4190 1442 4267 ipsorum
1466 4188 1637 4252 interdicto
1658 4188 1909 4267 significaverit.
1932 4190 1984 4250 hd

496 4336 528 4397 id
552 4348 651 4412 porro
673 4328 790 4392 melius
819 4325 1063 4403 declarandum,
1086 4324 1227 4388 dicimus
1248 4329 1347 4405 quod,
1369 4326 1397 4388 si
1419 4328 1642 4389 contestantes
1663 4326 1748 4388 inter
1768 4342 1804 4387 se
1825 4322 1986 4387 accedant

496 4472 538 4534 ad
559 4466 842 4546 chorepiscopum,
865 4462 921 4523 aut
943 4460 1166 4538 periodeutam
1196 4479 1253 4523 seu
1285 4460 1496 4538 visitatorem,
1517 4462 1567 4522 vel
1590 4462 1826 4540 presbyterum,
1858 4458 1986 4539 quibus

496 4609 630 4675 minime
652 4604 673 4667 ii
696 4601 875 4676 subiacent,
905 4596 1077 4675 videatque
1099 4598 1356 4676 chorepiscopus
1385 4600 1442 4660 aut
1472 4596 1663 4675 periodeuta
1693 4600 1760 4659 etc.
1782 4596 1985 4658 sententiam
