4584 6309
1164 660 1202 671 ..
1223 628 1264 690 ω
1284 662 1323 672 ..

497 768 605 829 autem
622 765 777 845 superius
799 766 952 836 diximus,
969 766 1093 827 nullam
1115 766 1253 827 omnino
1270 766 1367 830 habet
1381 766 1544 829 diaconus
1560 769 1752 847 potestatem
1768 765 1980 830 consecrandi

496 903 570 982 olei,
593 920 701 982 neque
723 905 831 981 potest
852 902 1046 966 interdicere
1068 903 1276 981 quempiam.

606 1040 637 1100 ll
663 1038 921 1117 Hypodiaconus
953 1056 1052 1118 porro
1082 1038 1130 1101 sic
1161 1039 1227 1102 lit:
1250 1037 1278 1100 si
1307 1039 1515 1103 ordinandus
1547 1040 1727 1104 assumitur
1747 1057 1786 1103 ex
1808 1039 1981 1103 lectoribus

495 1174 553 1236 aut
574 1190 613 1235 ex
633 1174 791 1237 iratribus
812 1174 890 1237 filiis
910 1175 1054 1238 foederis
1069 1176 1123 1253 (l),
1140 1176 1342 1254 ingrediatur
1362 1178 1404 1239 ad
1426 1179 1530 1240 altare
1550 1178 1661 1241 tunica
1683 1177 1828 1255 indutus;
1850 1176 1983 1254 oretque

497 1310 700 1389 (episcopus
713 1311 726 1387 )
741 1328 841 1389 super
868 1329 941 1374 eum
963 1312 1145 1374 orationem
1169 1313 1336 1391 propriam
1352 1331 1372 1375 a
1388 1314 1538 1392 patribus
1560 1314 1683 1376 nostris
1703 1312 1830 1376 sanctis
1853 1310 1983 1374 institu-

494 1450 571 1525 tam,
594 1446 727 1509 minime
747 1464 825 1510 vero
847 1448 935 1511 illam
959 1448 1154 1511 destinatam
1177 1448 1349 1511 alliciendo
1371 1448 1536 1529 episcopo,
1557 1454 1607 1513 vel
1631 1451 1821 1529 presbytero
1842 1451 1900 1511 aut
1920 1447 1985 1510 dia·

495 1600 598 1645 c0n0.
621 1584 693 1645 Non
717 1588 824 1647 autem
843 1602 976 1649 manum
1001 1584 1140 1663 imponit
1161 1585 1259 1663 capiti
1276 1586 1348 1648 eius
1369 1603 1442 1648 cum
1459 1602 1561 1664 super
1582 1587 1674 1649 illum
1691 1589 1763 1649 orat
1785 1584 1980 1664 praedictam

494 1720 686 1799 orationem,
709 1738 775 1799 qua
796 1724 959 1800 absoluta,
975 1722 1082 1801 signat
1104 1724 1197 1785 illum
1220 1724 1338 1801 pollice
1361 1740 1480 1786 manus
1501 1724 1633 1787 dextera
1646 1726 1696 1787 ter
1711 1723 1744 1785 in
1759 1722 1868 1785 tronte
1889 1720 1982 1799 signo

495 1856 602 1918 crucis
623 1857 805 1921 Salvatoris
827 1859 951 1922 nostri.

605 1995 640 2055 12
660 1994 773 2057 Lector
794 1995 913 2057 deinde
935 1996 983 2057 sic
1003 1995 1039 2058 lit
1054 2014 1060 2057 :
1078 1996 1105 2059 is
1127 2013 1261 2075 quoque
1283 1997 1420 2059 indutus
1440 1997 1552 2059 tunica
1575 1971 1731 2073 introeat;
1754 1997 1892 2074 oratque
1907 1992 1986 2073 epis·

492 2144 595 2206 copus
617 2146 811 2208 supereum
842 2133 1025 2194 orationem
1060 2135 1183 2210 notam,
1204 2150 1273 2211 qua
1294 2134 1459 2212 absoluta,
1480 2133 1579 2195 tradit
1601 2133 1663 2212 ipsi
1688 2132 1807 2195 librum
1831 2132 1930 2194 unius
1950 2146 1986 2192 ex

493 2280 528 2324 s.
552 2266 721 2343 prophetis
742 2267 795 2344 (2),
817 2284 883 2347 quo
915 2268 1066 2345 exprimit
1100 2270 1293 2347 potestatem
1325 2269 1396 2332 dari
1429 2269 1490 2348 ipsi
1523 2269 1650 2347 legendi
1681 2268 1821 2331 Codices
1851 2269 1983 2329 sanctos

497 2419 607 2465 coram
632 2404 774 2481 populo.

605 2541 641 2601 13
661 2539 828 2602 Exorcista
849 2542 966 2618 autem,
982 2542 1017 2603 ut
1032 2558 1134 2619 supra
1156 2541 1307 2619 diximus,
1330 2543 1464 2605 minime
1479 2543 1507 2605 ei
1524 2556 1643 2605 manus
1664 2540 1854 2621 imponitur,
1878 2556 1984 2617 neque

495 2677 537 2737 ad
560 2676 664 2737 instar
686 2675 904 2755 hypodiaconi
927 2680 958 2738 et
987 2678 1118 2739 lectoris
1139 2681 1215 2742 ante
1237 2682 1339 2742 altare
1361 2697 1434 2741 eum
1466 2679 1696 2741 introducunt.
1718 2678 1782 2740 Sed
1811 2676 1987 2754 episcopus

498 2812 643 2873 iubendo
677 2812 764 2873 iubet
797 2810 904 2890 ipsum
928 2812 996 2875 lieri
1030 2814 1232 2894 exorcistam,
1263 2834 1337 2879 cum
1360 2815 1523 2879 benedicit
1545 2816 1590 2877 illi
1614 2819 1649 2878 ut
1671 2831 1804 2877 manum
1839 2812 1985 2892 imponat

495 2964 597 3027 super
617 2964 873 3027 energumenum
896 2951 927 3011 et
948 2953 1116 3028 aegrotum
1139 2952 1203 3029 (3).

606 3088 641 3148 14
664 3084 891 3149 Diaconissam
915 3086 1128 3151 introducunt
1144 3089 1177 3151 in
1193 3089 1399 3167 diaconicon,
1423 3092 1460 3150 ut
1480 3088 1658 3167 episcopus
1682 3103 1783 3165 super
1805 3086 1895 3147 illam
1911 3086 1988 3146 oret.

492 3223 576 3285 Cum
609 3224 719 3302 itaque
750 3222 956 3285 constituerit
989 3224 1093 3303 ipsam
1117 3242 1134 3287 e
1155 3226 1237 3289 facie
1268 3226 1393 3304 altaris,
1426 3226 1606 3303 eademque
1637 3226 1735 3302 caput
1770 3220 1985 3297 inclinaverit,

494 3360 678 3439 episcopus
701 3377 834 3423 manum
863 3360 961 3439 capiti
984 3361 1090 3438 ipsius
1113 3362 1298 3441 imponens,
1320 3366 1393 3424 orat
1414 3379 1515 3440 super
1537 3362 1626 3423 illam
1648 3359 1831 3422 orationem
1871 3358 1990 3426 notam,

497 3498 631 3561 minime
658 3514 734 3559 vero
766 3496 905 3560 similem
939 3498 1079 3560 orationi
1115 3500 1267 3576 propriae
1298 3498 1499 3561 ordinationi
1532 3498 1679 3560 diaconi.
1702 3494 1900 3558 Diaconissa
1921 3506 1985 3552 non

497 3636 592 3697 debet
614 3636 654 3697 ad
686 3622 788 3697 altare
820 3636 982 3713 accedere,
1014 3635 1072 3697 sed
1102 3637 1332 3697 tantummodo
1364 3636 1455 3713 ungit
1478 3636 1511 3696 in
1545 3634 1719 3713 baptismo
1742 3631 1775 3693 in
1808 3632 1872 3693 hoc
1902 3626 1987 3691 enim

497 3772 670 3851 praecipue
692 3772 843 3835 consistit
864 3772 1010 3836 eiusdem
1033 3790 1138 3851 opuS.
1160 3772 1243 3835 Cum
1267 3772 1390 3834 scilicet
1413 3772 1567 3834 mulieres
1587 3772 1748 3832 vocantur
1772 3770 1807 3831 ut
1828 3768 1986 3845 signacu·
2097 3815 2099 3861 ἔ

493 3910 560 3969 lum
593 3908 677 3971 vitae
713 3925 770 3987 per
793 3909 992 3986 baptismum
1024 3908 1219 3986 suscipiant,
1250 3925 1290 3969 ne
1317 3908 1451 3971 lascivia
1481 3908 1682 3970 contaminet
1713 3902 1884 3966 ecclesiam
1920 3900 1987 3976 Dei,
2097 3896 2099 3962 ἶ

490 4044 571 4123 quin
609 4045 674 4107 imo
710 4048 745 4107 ut
776 4046 888 4107 omnia
923 4046 1073 4108 ordinate
1105 4048 1137 4107 et
1167 4047 1255 4107 caste
1289 4046 1477 4123 procedant,
1513 4060 1653 4123 cumque
1686 4041 1774 4103 nand
1805 4040 1919 4103 deceat
1952 4040 1987 4097 ut

523 4368 567 4433 (l)
586 4368 658 4426 Vid.
681 4371 820 4439 superius
841 4374 942 4429 notam
964 4376 1000 4429 de
1020 4370 1090 4427 liliis
1110 4372 1258 4429 foederis.

524 4484 569 4548 (2)
588 4480 698 4539 Exinde
718 4485 869 4557 colligitur
888 4487 1009 4543 lectoris
1030 4502 1137 4541 munus
1159 4486 1252 4542 luisse
1272 4486 1388 4557 legendi
1410 4486 1491 4542 ins.
1511 4485 1616 4556 synaxi
1636 4486 1779 4543 lectiones
1799 4502 1834 4543 ex
1852 4488 1886 4545 V.
1905 4488 1938 4547 Τ.
1951 4491 1979 4544 et

491 4596 665 4653 nominatim
686 4613 720 4654 ex
740 4600 912 4669 prophetis.

523 4713 566 4779 (3)
585 4709 633 4767 Cl.
654 4713 791 4783 exposita
810 4729 902 4785 supra
922 4716 958 4770 de
978 4712 1133 4769 exorcistis
1155 4712 1184 4767 in
1205 4712 1417 4781 praenotandis
1441 4710 1490 4766 l0'
