4584 6309
1137 598 1174 608 -
1196 566 1236 628 54
1258 598 1296 608 ..

471 701 639 782 (itaque)
665 718 725 782 pro
747 718 796 781 eo,
818 705 854 764 ut
874 717 976 780 super
996 718 1070 764 eum
1093 702 1198 780 gratia
1220 702 1278 765 Dei
1300 701 1411 766 veniat
1432 703 1515 779 (l).v

575 839 609 901 Si
632 839 840 902 ordinandus
862 839 895 900 in
918 838 991 918 ipsa
1012 837 1151 902 ecclesia
1171 839 1345 902 ordinatur
1366 855 1427 918 pro
1447 855 1514 919 qua
1535 838 1571 902 ht
1591 838 1661 902 sive
1682 838 1875 919 episcopuS,
1899 838 1974 900 sive

468 1026 851 1048 ‘W

505 1171 548 1245 (l)
568 1174 701 1245 praestat
720 1173 809 1230 modo
829 1188 905 1245 quae
924 1187 1034 1244 sparsa
1055 1173 1084 1228 in
1104 1173 1164 1230 isto
1184 1173 1285 1229 libello
1304 1176 1465 1231 occurrunt
1483 1175 1520 1231 de
1540 1173 1706 1231 maioribus
1724 1173 1822 1230 sacris
1842 1172 1974 1228 ordina·

468 1303 603 1360 tionibus
622 1302 670 1359 hic
688 1301 778 1358 simul
798 1301 939 1374 colligere
958 1303 987 1358 et
1006 1301 1095 1358 vetuti
1115 1304 1155 1358 ob
1175 1303 1281 1358 ocutos
1300 1317 1428 1373 ponere.

505 1435 537 1499 a)
556 1431 614 1500 Qui
634 1430 733 1502 itaque
754 1430 783 1486 in
802 1431 979 1502 episcopum
998 1433 1044 1487 vel
1066 1431 1095 1487 in
1115 1434 1321 1503 presbyterum
1340 1433 1498 1489 ordinatur
1515 1434 1554 1490 ab
1574 1434 1695 1490 auctore
1715 1434 1821 1487 nostro
1843 1430 1975 1486 iubetur

469 1574 571 1616 coram
591 1557 678 1616 altari
702 1559 827 1629 utroque
846 1573 923 1630 genu
943 1561 1138 1630 procumbere
1152 1561 1189 1616 ad
1205 1575 1312 1617 manus
1331 1515 1545 1630 inpositionem
1565 1559 1807 1631 suscipiendam;
1826 1558 1971 1630 quivero

468 1687 497 1743 in
517 1686 675 1743 diaconum
695 1685 850 1742 ordinatur
869 1700 959 1742 unum
978 1686 1093 1742 tantum
1113 1701 1191 1758 genu
1212 1687 1238 1744 i.
1258 1702 1289 1742 e.
1308 1687 1458 1744 dexterum
1478 1703 1580 1745 coram
1599 1687 1687 1744 altari
1705 1686 1817 1745 flectit.
1838 1686 1917 1742 item
1940 1686 1973 1741 et

467 1814 652 1872 diversarum
672 1813 861 1870 orientalium
882 1812 1073 1870 ecclesiarum
1095 1813 1279 1883 pontificalia
1297 1816 1524 1886 praescribunt.

502 1944 535 2007 b)
555 1941 746 2012 singularum
766 1955 918 1998 sacrarum
939 1940 1159 1998 ordinationem
1179 1941 1255 2000 ritus
1274 1944 1434 2013 sequentes
1448 1942 1627 2000 innuuntur:
1646 1945 1675 2000 l.
1695 1942 1899 2013 proclamatio
1914 1955 1972 1998 seu
2088 1988 2089 1997 ,

467 2071 587 2142 publica
606 2069 769 2128 notificatio
789 2070 873 2128 electi
893 2071 931 2128 ad
951 2070 1176 2144 suscipiendum
1195 2072 1332 2129 ordinem
1351 2086 1488 2143 sacrum3
1507 2073 1539 2130 2.
1559 2071 1624 2129 eius
1644 2064 1764 2144 proprie
1783 2071 1868 2128 dicta
1888 2067 1972 2125 ordi·
2088 2078 2089 2105 t

467 2199 548 2256 natio
568 2213 621 2269 per
638 2196 804 2256 orationem
825 2213 892 2254 cum
913 2213 1019 2270 manus
1040 2197 1252 2269 impositione;
1270 2201 1305 2256 3.
1324 2198 1529 2270 promulgatio
1547 2198 1644 2256 tactae
1670 2196 1877 2256 ordinationis
1898 2210 1969 2251 cum
2088 2236 2089 2273 3

466 2326 637 2398 signatione
655 2325 743 2398 signo
763 2325 861 2383 crocis
871 2342 879 2397 5
897 2328 931 2382 4.
951 2326 1071 2382 tandem
1090 2325 1236 2383 salutatio
1255 2325 1389 2384 eiusdem
1408 2326 1538 2384 ordinati
1558 2328 1664 2383 osculo
1684 2325 1787 2398 paciS.

679 2453 722 2510 De
741 2453 871 2526 singulis
892 2455 1025 2510 notanda
1042 2456 1113 2510 sunt
1132 2469 1253 2524 pauca:

544 2603 547 2616 ·
572 2580 771 2638 Proclamatio
800 2541 853 2636 seu
883 2580 1002 2652 publica
1021 2579 1185 2638 notificatio
1214 2552 1369 2638 electionis
1389 2579 1422 2636 tit
1441 2595 1494 2652 per
1511 2581 1676 2638 solemnem
1708 2580 1789 2636 illam
1809 2579 1967 2636 vetustam

465 2709 624 2767 formulam
643 2708 761 2765 cunctis
781 2707 917 2764 ecclesiis
936 2707 1136 2764 orientalibus
1155 2722 1353 2780 communem,
1373 2723 1449 2778 quae
1461 2707 1507 2764 sic
1520 2724 1554 2764 se
1573 2710 1682 2766 habet:
1697 2706 1818 2764 “Gratia
1837 2703 1965 2762 Domini

465 2837 559 2897 nostri
579 2837 649 2894 Jesu
668 2835 789 2907 Christi,
809 2851 884 2906 quae
903 2837 1023 2906 supplet
1042 2835 1071 2892 id
1090 2835 1171 2907 quod
1190 2834 1298 2906 deficit,
1317 2850 1369 2904 per
1387 2837 1604 2908 beneplacitum
1625 2836 1678 2893 Dei
1699 2837 1798 2894 Patris
1816 2838 1847 2894 et
1868 2837 1965 2893 virtu·

465 2969 523 3024 tem
543 2965 674 3036 Spiritus
693 2964 735 3022 S.
753 2963 842 3036 elegit
860 2963 902 3021 N.
922 2965 1038 3036 etc.„·
1048 2966 1077 3020 et
1105 2964 1207 3020 statim
1236 2963 1269 3018 fit
1286 2963 1460 3020 adhortatio
1479 2965 1518 3021 ad
1538 2965 1710 3022 invitandos
1742 2967 1904 3022 adstantes
1924 2963 1965 3020 ad

465 3095 611 3150 orandum
633 3095 665 3148 ut
683 3107 774 3163 super
791 3093 917 3148 electum
945 3091 1087 3150 adveniat
1105 3087 1159 3147 Dei
1179 3091 1294 3162 gratia.
1314 3091 1408 3148 Porro
1429 3092 1459 3148 in
1479 3092 1587 3149 ritibus
1606 3091 1781 3165 Byzantino,
1810 3091 1965 3150 Maronita

436 3267 440 3273 .
467 3223 496 3277 et
514 3220 666 3278 Chaldaeo
686 3219 834 3276 eiusmodi
855 3219 1051 3290 proclamatio
1071 3219 1103 3275 ht
1122 3220 1160 3276 ab
1180 3217 1333 3290 episcopo,
1353 3219 1383 3275 in
1403 3220 1511 3277 ritibus
1531 3235 1601 3276 vero
1621 3221 1824 3278 Alexandrino
1844 3223 1877 3276 et
1896 3221 1963 3276 hn-

466 3349 604 3407 tiocheno
633 3347 808 3405 enunciatur
827 3349 864 3403 ab
884 3346 1119 3404 archidiacono.
1140 3346 1334 3417 Perspicuum
1364 3349 1412 3403 est
1429 3349 1529 3404 autem
1558 3351 1620 3405 tum
1641 3363 1676 3405 ex
1695 3349 1793 3420 ipsius
1810 3349 1963 3404 formulae

465 3479 602 3534 contextu
622 3477 684 3534 tum
698 3489 780 3532 exeo
801 3474 881 3545 quod
902 3473 932 3530 in
952 3473 1010 3530 ritu
1030 3473 1232 3530 alexandrino
1245 3475 1275 3529 et
1287 3473 1473 3530 Antiocheno
1493 3476 1596 3532 eadem
1616 3476 1785 3546 proteratur
1802 3479 1841 3534 ab
1859 3475 1963 3533 archi·

466 3605 593 3664 diacono
625 3604 746 3671 minime
775 3602 855 3660 illam
884 3602 1066 3660 constituere
1094 3601 1221 3658 formam
1250 3601 1459 3674 ordinationis,
1478 3604 1533 3660 sed
1561 3606 1676 3661 tantum
1705 3621 1774 3662 esse
1804 3606 1961 3677 publicam

466 3733 698 3794 declarationem
719 3735 791 3790 nutu
810 3731 929 3789 divinae
947 3730 1062 3802 gratiae
1080 3728 1190 3786 factam
1209 3728 1305 3786 tuisse
1323 3729 1498 3790 electionem
1518 3731 1574 3790 viri
1595 3734 1790 3802 promovendi
1810 3735 1849 3790 ad
1869 3734 1964 3792 ordi·

467 3879 533 3921 nem
553 3876 689 3920 sacrum.

574 3987 731 4046 Ordinatio
750 3989 848 4044 autem
869 3986 989 4058 proprie
1017 3986 1097 4042 dicta
1116 3985 1149 4043 irt
1168 4001 1220 4057 per
1237 3986 1404 4044 orationem
1424 3985 1505 4046 illam
1524 3988 1634 4046 dictam
1661 3987 1898 4049 “invocationem
1919 3994 1962 4051 S·

465 4118 612 4191 Spiritus„
627 4132 715 4190 quam
736 4115 840 4173 recitat
858 4105 1018 4187 episcopus
1037 4117 1108 4172 dum
1129 4114 1256 4185 imponit
1274 4130 1395 4172 manum
1414 4130 1505 4186 super
1522 4119 1612 4187 caput
1631 4117 1711 4174 illius
1724 4119 1775 4191 qui
1789 4120 1959 4179 ordinatur.

466 4241 581 4304 Dicitur
599 4242 650 4304 illa
668 4242 766 4301 oratio
786 4242 986 4300 invocationis
1005 4243 1102 4300 oratio
1122 4243 1345 4301 consecratoria
1363 4246 1409 4300 vel
1428 4244 1624 4319 ordinatoria,
1642 4249 1672 4304 et
1691 4247 1721 4305 in
1740 4263 1775 4304 ea
1794 4250 1959 4323 praecipua

466 4371 582 4429 ordinis
602 4371 652 4444 qui
671 4370 822 4428 confertur
847 4370 948 4428 otlicia
968 4369 1153 4428 indicantur.
1173 4370 1268 4428 Porro
1284 4370 1318 4460 ⁴in
1337 4371 1396 4428 ritu
1415 4371 1617 4429 Alexandrino
1637 4375 1666 4460 et
1684 4375 1871 4434 Antiocheno
1889 4379 1934 4450 Sy
1946 4405 1960 4419 ·

466 4515 567 4557 rorum
587 4497 734 4556 eiusmodi
753 4498 852 4556 oratio
871 4499 1070 4557 invocationis
1090 4515 1149 4555 una
1168 4499 1340 4556 exhibetur:
1355 4499 1425 4556 item
1445 4501 1474 4556 et
1493 4498 1523 4556 in
1540 4500 1732 4559 Testamento
1752 4501 1884 4578 Domini,
1903 4521 1959 4561 nec

467 4643 526 4688 non
547 4627 576 4685 in
596 4627 723 4700 mystico
753 4627 919 4686 ministerio
939 4646 946 4687 :
966 4631 1107 4686 econtra
1133 4627 1163 4684 in
1183 4628 1241 4686 ritu
1270 4626 1435 4699 Bytantino
1464 4643 1518 4686 nec
1537 4644 1597 4686 non
1616 4628 1646 4687 in
1674 4627 1838 4689 chaldaico
1867 4633 1960 4691 binae

520 4801 626 4863 ‘Huic
655 4803 816 4875 respondet
848 4799 876 4855 in
906 4796 963 4852 ritu
992 4792 1085 4850 latino
1107 4788 1284 4846 “auxiliante
1312 4783 1434 4840 domino
1454 4780 1516 4837 Deo
1535 4779 1686 4836 salvatore
1715 4773 1818 4830 nostro
1837 4769 1871 4830 l.
1891 4767 1970 4824 Chr.

482 4917 628 4990 elegimus
658 4916 685 4972 in
714 4913 819 4974 ordine
847 4905 967 4965 diaconi
995 4905 1039 4959 vel
1070 4898 1234 4972 prespyteri
1265 4897 1346 4952 illum
1376 4891 1593 4949 subdiaconum
1623 4886 1687 4942 sive
1716 4883 1875 4941 diaconum
1905 4878 1969 4932 etc.
2088 4926 2089 4949 ἶ

482 5041 493 5097 t
513 5027 654 5087 Muratori
675 5023 807 5095 liturgia
826 5019 920 5078 Rom.
940 5017 1005 5072 vet.
1024 5013 1048 5070 T
1072 5015 1079 5069 l
1104 5025 1179 5082 pag.
1199 5011 1248 5065 511
1273 5027 1283 5072 i
