4584 6309
536 1021 647 1086 Sancti
671 1021 715 1099 (l)
737 1021 883 1086 Anthimi
906 1022 1051 1102 episcopi
1074 1020 1414 1100 Constantinopoleos
1435 1021 1600 1100 exemplar

678 1159 837 1240 epistolae
857 1159 899 1222 ad
922 1160 1073 1224 iacobum
1096 1159 1288 1239 episcopum
1310 1157 1455 1221 Edessae

750 1431 896 1495 Amatori
918 1432 976 1495 Dei
999 1431 1117 1496 dilecto
1138 1431 1207 1494 tilio
1228 1429 1391 1510 spirituali

828 1569 945 1632 iacobo
966 1568 1123 1649 episcopo
1144 1567 1322 1631 anthimus

435 1837 480 1900 Ex
501 1838 719 1917 plurimorum
741 1840 878 1904 fratrum
900 1840 1089 1904 testimonio
1111 1842 1315 1919 compertum
1337 1838 1436 1903 nobis
1456 1841 1506 1902 est
1526 1838 1724 1919 evangelicis
1738 1840 1814 1902 ada·

322 1973 467 2036 mussim-
486 1974 646 2039 institutis
668 1977 828 2042 rationem
849 1980 925 2042 tuae
946 1979 1031 2042 vitae
1052 1976 1270 2041 conformari.
1286 1977 1396 2052 Quare
1410 1978 1442 2040 et
1457 1993 1528 2054 nos,
1543 1976 1600 2055 qui
1615 1994 1654 2040 ex
1668 1977 1811 2056 apostoli

323 2109 413 2174 dicto
445 2110 569 2175 seimus
598 2114 767 2192 tamquam
799 2115 840 2177 ad
871 2132 933 2178 nos
961 2115 1124 2195 pertinere
1156 2116 1276 2177 rectam
1307 2111 1450 2176 tiliorum
1483 2115 1653 2178 nostorum
1683 2113 1814 2176 vivendi

322 2247 496 2326 rationem,
516 2252 585 2312 tum
607 2251 813 2329 gratulamur
839 2251 898 2314 tibi
920 2252 961 2314 de
983 2251 1024 2314 iis
1052 2267 1138 2331 quae
1159 2251 1240 2330 agis,
1268 2252 1338 2313 tum
1359 2251 1514 2312 volumus
1536 2251 1574 2312 ut
1596 2265 1732 2312 munere
1754 2249 1813 2323 tibi

321 2384 449 2447 credito
472 2384 516 2448 ita
536 2385 686 2465 fungaris
707 2390 743 2450 ut
765 2387 888 2450 nemini
911 2389 980 2452 sive
1001 2391 1185 2452 exterorum
1207 2387 1277 2450 sive
1299 2388 1486 2449 nostrorum
1517 2387 1704 2465 praetextus
1724 2387 1814 2447 ullus

323 2519 797 2603 exhibeaturvituperationis,
819 2524 900 2605 quin
924 2525 990 2588 imo
1012 2527 1125 2588 utate
1148 2524 1261 2587 omnia
1282 2525 1432 2586 accurate
1446 2524 1478 2586 et
1491 2525 1576 2585 recte
1598 2523 1816 2602 peragantur.

324 2657 390 2732 Qui
414 2657 502 2721 enim
523 2660 592 2723 lieri
616 2663 722 2740 potest
744 2665 780 2726 ut
801 2662 878 2742 quis
898 2665 947 2726 vel
971 2663 1141 2744 paulisper
1162 2663 1311 2726 immutet
1331 2662 1452 2725 dictum
1475 2661 1581 2724 iacobi
1604 2661 1754 2740 Apostoli
1777 2662 1817 2724 de

322 2794 388 2857 tide
410 2797 442 2858 et
462 2797 621 2875 operibus
642 2801 705 2876 (c.
728 2800 761 2878 ll,
788 2799 822 2862 ll
844 2803 893 2864 etc
906 2849 913 2863 .
927 2801 974 2877 >t
996 2801 1066 2864 Nisi
1089 2801 1177 2864 enim
1201 2801 1429 2863 immaculatae
1449 2799 1535 2863 vitae
1554 2797 1718 2877 gerendae
1733 2797 1817 2860 ratio

324 2931 378 3006 sit,
393 2930 439 2993 uti
456 2933 657 3012 exoptamus
672 2934 751 3012 quid
774 2935 908 3014 prodest
928 2936 1017 3016 quod
1039 2936 1116 3015 quis
1137 2935 1306 3014 impendat
1325 2951 1458 3012 operam
1474 2935 1516 2996 ad
1531 2933 1628 2995 iidem
1650 2932 1820 2996 stabilien-

328 3067 416 3146 dam,
438 3070 561 3132 evertat
591 3072 698 3133 autem
721 3071 786 3134 vim
818 3088 987 3136 sacrorum
1020 3089 1186 3136 canonum
1210 3073 1243 3134 in
1266 3071 1389 3150 quibus
1409 3069 1561 3132 consistit
1581 3069 1664 3131 ordo
1685 3071 1815 3132 eccles·

328 3202 468 3270 iasticus
488 3208 520 3269 et
540 3205 695 3270 fulcimen
718 3209 822 3272 eius?

435 3341 549 3422 Neque
579 3343 806 3409 arbitrandum
838 3348 897 3424 est,
920 3345 1085 3426 negotium
1108 3347 1150 3408 ad
1172 3345 1319 3408 effectum
1350 3343 1468 3406 adduci
1492 3345 1523 3404 et
1544 3341 1654 3421 perfici
1677 3358 1735 3420 per
1757 3340 1790 3402 in
1809 3377 1819 3388 ·

326 3494 499 3542 numeram
522 3480 763 3544 multitudinem
781 3481 968 3546 inconsulto
989 3485 1212 3546 coacervatam
1226 3531 1232 3544 .
1247 3481 1325 3544 Tale
1340 3476 1427 3543 enim
1448 3479 1624 3542 consilium
1646 3479 1815 3540 saeculare

327 3615 379 3676 est
395 3613 632 3693 propriumque
654 3617 844 3684 carnalibus
867 3619 1075 3682 hominibus.
1098 3619 1169 3682 Nos
1190 3635 1268 3681 vero
1289 3618 1448 3681 debemus
1469 3632 1547 3694 prae
1567 3614 1675 3677 oculis
1698 3614 1818 3676 trabere

325 3749 456 3824 dictum
471 3750 552 3814 illud
574 3753 710 3832 sapiens
732 3757 763 3818 et
784 3757 1039 3819 admonitorium
1058 3756 1118 3820 “ne
1139 3754 1380 3834 concupiscatis
1402 3752 1644 3846 multitudinem
1666 3750 1811 3814 filiorum

325 3886 398 3949 sine
421 3887 600 3968 utilitate„
622 3889 673 3953 cui
695 3893 880 3956 adnectitur
908 3893 1092 3956 immediate
1116 3892 1223 3955 “unus
1242 3850 1337 3955 enim
1360 3891 1476 3954 melior
1497 3892 1546 3954 est
1566 3906 1666 3968 quam
1690 3888 1818 3965 mille„.

323 4021 495 4101 Siquidem
518 4025 726 4104 perspicuum
749 4029 799 4092 est
820 4029 922 4091 tilium
946 4031 1084 4108 probum
1108 4032 1138 4094 et
1158 4030 1325 4092 timentem
1348 4027 1526 4090 Dominum
1548 4041 1624 4088 esse
1645 4026 1814 4103 praestan-

324 4157 440 4222 tiorem
465 4159 516 4239 iis,
538 4162 594 4240 qui
619 4180 685 4226 non
707 4168 787 4228 sunt
807 4167 908 4230 tales.

434 4295 547 4375 Neque
561 4297 654 4362 fallat
668 4317 728 4363 vos
743 4302 895 4382 cogitatio
911 4304 968 4366 illa
982 4303 1070 4383 quod
1087 4303 1257 4382 augendae
1272 4301 1340 4362 sint
1360 4299 1566 4362 sacerdotum
1588 4295 1818 4359 ordinationes

328 4481 692 4505 ν--ν-Ἇσ--ι

363 4589 407 4654 (1)
428 4589 600 4649 Anthimum
630 4594 811 4652 haereticum
830 4592 1179 4664 pseudo-patriarcham
1208 4588 1401 4648 amanuensis
1430 4586 1644 4658 monophysita
1662 4599 1715 4656 per
1734 4583 1818 4640 nefas

326 4680 414 4777 titulo
434 4721 530 4780 sancti
551 4723 689 4780 exornat.
