4584 6309
953 651 1111 714 -f,5...

289 797 470 876 presbyter,
485 795 554 858 sive
569 791 740 868 diaconus
761 791 889 870 oportet
904 791 939 854 ut
953 788 1132 869 episcopus
1153 790 1314 854 ordinans
1334 791 1420 855 dicat
1442 793 1504 856 boc
1518 791 1616 856 modo
1632 814 1639 859 :
1657 791 1771 872 “quem

285 935 317 996 in
343 934 407 998 ista
437 931 575 997 ecclesia
604 927 784 1006 iacimus„
806 927 840 991 Si
862 929 970 992 autem
1003 927 1177 1012 ordinatur
1204 927 1246 990 ad
1274 928 1372 992 aliam
1404 930 1574 993 ecclesiam
1606 930 1699 995 urbis
1718 931 1770 993 vel

281 1358 444 1416 recitantur
462 1354 616 1412 orationes
629 1351 831 1410 ordinatoriae
844 1355 883 1408 ab
896 1351 1050 1423 episcopo,
1064 1352 1114 1423 qui
1129 1352 1297 1425 inutraque
1315 1354 1492 1425 proterenda
1510 1371 1630 1412 manum
1645 1355 1773 1426 imponit

279 1501 372 1558 super
390 1485 479 1554 caput
507 1481 666 1539 ordinandi
677 1496 684 1550 ;
704 1479 734 1536 in
754 1479 812 1536 ritu
831 1493 900 1535 vero
928 1479 1141 1536 Maronitarum
1161 1481 1224 1538 tres
1243 1477 1360 1538 exstant
1386 1482 1539 1540 orationes
1566 1483 1769 1540 ordinatoriae

282 1611 429 1686 quaesibi
443 1609 622 1667 succedunt.
643 1608 813 1680 ingratiam
834 1607 950 1664 interim
969 1607 1178 1665 studiosorum
1197 1624 1294 1666 rerum
1314 1609 1517 1682 liturgicarum
1537 1611 1619 1668 iuvat
1636 1612 1770 1669 animad-

282 1745 395 1800 vertere
409 1740 497 1798 binas
515 1736 669 1794 orationes
687 1735 888 1794 ordinationis
917 1737 1140 1808 presbyteratus
1161 1737 1190 1794 in
1210 1737 1269 1794 ritu
1288 1737 1452 1810 Byzantino
1481 1743 1556 1811 quas
1582 1741 1770 1812 interrumpit

237 1943 239 1948 Ι
281 1871 385 1928 litania
412 1866 581 1926 diaconalis
609 1865 781 1922 efformatus
810 1879 878 1920 esse
903 1879 938 1922 ex
957 1879 1015 1921 una
1043 1865 1180 1922 oratione
1208 1881 1284 1938 quae
1312 1866 1420 1938 legitur
1439 1867 1469 1923 in
1498 1867 1556 1924 ritu
1583 1869 1768 1926 Antiocheno

281 2001 423 2072 Syrorum
445 1996 475 2052 in
495 1993 684 2052 ordinatione
703 1991 885 2064 presbyteri.

386 2123 462 2180 Post
481 2120 671 2178 collationem
692 2134 745 2190 per
775 2133 881 2176 manus
915 2118 1137 2190 impositionem
1159 2120 1188 2174 et
1205 2119 1373 2176 orationem
1398 2121 1615 2180 ordinatoriam
1646 2124 1764 2180 ordinis

281 2253 365 2324 sacri,
386 2251 419 2308 lit
437 2248 582 2306 solemnis
613 2247 817 2319 promulgatio
848 2246 1048 2306 ordinationis
1081 2246 1228 2318 perfectae
1246 2249 1276 2303 et
1294 2249 1364 2304 tunc
1395 2249 1540 2320 temporis
1559 2251 1597 2306 ab
1616 2250 1760 2321 episcopo

284 2377 462 2452 imprimitur
481 2375 510 2432 in
529 2375 625 2432 fronte
643 2373 772 2432 ordinati
799 2373 918 2446 signum
938 2374 1036 2432 crucis
1054 2390 1121 2431 cum
1142 2374 1382 2432 invocationes,
1400 2375 1573 2434 Trinitatis.

386 2506 543 2562 Postremo
562 2502 728 2571 ordinatus,
748 2503 907 2574 postquam
937 2517 1071 2560 mensam
1091 2501 1181 2560 tuerit
1208 2503 1372 2574 osculatus,
1390 2504 1540 2562 salutatur
1557 2505 1662 2562 osculo
1683 2505 1767 2576 pacis

283 2637 341 2692 tum
360 2635 399 2692 ab
418 2632 562 2704 episcopo
581 2633 643 2688 tum
662 2631 700 2686 ab
719 2629 910 2686 adstantibus
929 2645 963 2687 ex
981 2631 1079 2687 clero.

386 2761 448 2818 tiae
467 2759 627 2816 occasione
658 2758 821 2814 notandum
853 2773 971 2829 quoque
989 2759 1129 2814 volumus
1162 2774 1257 2830 neque
1275 2759 1306 2814 in
1325 2757 1411 2816 libris
1429 2759 1651 2830 pontificalibus
1671 2775 1766 2834 neque

287 2889 313 2946 in
331 2888 400 2946 aliis
419 2885 607 2944 orientalium
627 2883 737 2942 rituum
758 2885 958 2942 monumentis
985 2885 1145 2958 vestigium
1166 2886 1259 2943 ullum
1287 2900 1442 2974 occurrere
1469 2885 1620 2942 unctionis
1647 2903 1768 2945 cums.

286 3017 442 3074 chrismate
461 3013 648 3070 adhibendae
667 3011 697 3068 in
716 3012 904 3070 ordinatione
924 3013 1105 3084 presbyteri.
1124 3013 1162 3070 Et
1180 3014 1260 3084 quod
1279 3014 1317 3068 ad
1336 3013 1480 3085 Syrorum
1500 3013 1589 3070 ritum
1608 3014 1724 3085 attinet,
1738 3015 1768 3070 in

289 3144 407 3202 homilia
426 3141 603 3215 proterenda
616 3142 687 3212 post
698 3141 953 3200 consecrationem
972 3140 1155 3213 chrismatis,
1174 3156 1250 3213 quae
1263 3140 1294 3197 in
1305 3141 1462 3198 codicibus
1480 3141 1623 3199 tribuitur
1640 3142 1772 3198 Antonio

288 3272 452 3345 Tagritensi
472 3269 602 3341 Rhetori,
622 3269 672 3341 qui
693 3269 729 3326 lx
747 3271 867 3328 saeculo
887 3269 1019 3342 llorebat,
1038 3270 1150 3328 diserte
1173 3270 1282 3328 dicitur
1302 3249 1523 3337 Quo
1542 3282 1637 3358 guy
1657 3242 1772 3336 lues-a

290 3419 435 3476 μαι
465 3382 567 3471 lm(
586 3391 682 3496 xeo>
701 3415 830 3488 <am
852 3398 979 3496 φὴ»,
1000 3381 1137 3467 Lm>
1156 3400 1212 3461 a&
1236 3380 1346 3469 huo.
1367 3374 1461 3469 bks
1479 3388 1569 3461 ran-‘2'
1588 3416 1771 3490 <amnt

293 3523 481 3604 lin-ami
502 3509 670 3602 limas
691 3512 761 3609 ip(
780 3523 916 3624 χοοὼ»
938 3542 1066 3622 (ΔΜ
1087 3545 1134 3622 5³
1156 3513 1201 3606 ll(
1219 3571 1231 3593 .
1251 3514 1427 3596 ..ασῖὼο
1446 3516 1554 3630 χάριν
1574 3515 1685 3602 ιιι»
1706 3523 1769 3605 loe

292 3655 476 3754 ,ῥυῇ
500 3643 613 3740 lupo
633 3642 735 3738 Lai?
756 3645 895 3750 110³.ss
916 3661 1104 3720 “sacerdotes
1124 3664 1154 3720 et
1172 3663 1318 3721 diaconos
1342 3680 1420 3736 quos
1446 3665 1588 3723 ordinant
1613 3664 1770 3737 pontifices

293 3797 381 3869 lodie,
401 3809 461 3852 non
481 3793 549 3865 iarn,
563 3797 596 3851 ut
614 3795 733 3866 Moyses
754 3793 885 3864 ungebat
903 3792 1050 3848 Aaronem
1064 3789 1171 3847 eteius
1189 3790 1278 3864 lilios,
1297 3794 1412 3864 ungunt
1429 3792 1570 3850 unctione
1587 3793 1769 3864 chrismatis,

293 3927 341 3982 sed
361 3924 435 3996 ipsis
465 3921 622 3993 imponunt
649 3937 765 3992 manus,
793 3935 870 3992 quae
899 3919 1052 3991 impositio
1082 3934 1189 3976 manus
1217 3920 1265 3976 est
1292 3920 1392 3977 unctio
1420 3920 1589 3992 spiritualis
1608 3935 1768 3992 perquam

295 4053 375 4110 iidem
394 4051 521 4125 gratiam
541 4048 673 4122 Spiritus
692 4049 731 4107 S.
750 4047 954 4118 suscipiunt„.
974 4048 1034 4104 lmo
1049 4046 1113 4116 ipse
1132 4062 1166 4103 s.
1185 4045 1331 4117 Ephraem
1352 4045 1430 4103 idem
1449 4049 1537 4104 docet
1555 4046 1585 4103 in
1604 4048 1714 4120 hymno
1733 4049 1772 4105 ad

297 4183 393 4238 tonum
413 4199 462 4244 oar
485 4163 595 4248 Ιῑωο
616 4191 662 4257 ,Δ
680 4189 734 4235 κο
754 4190 839 4248 uso,
858 4175 908 4248 qui
928 4173 1045 4233 canitur
1072 4174 1102 4230 in
1130 4173 1232 4230 oiticio
1260 4175 1450 4230 sacerdotum
1470 4173 1695 4231 detunctorum.
1723 4175 1774 4230 nit

295 4309 366 4368 enim
387 4329 429 4398 ρ
449 4351 460 4372 .
480 4281 682 4382 magn-y
703 4297 775 4393 l&
793 4287 887 4378 linia
906 4343 917 4365 .
937 4287 1081 4366 wilm
1103 4272 1189 4387 ..k
1206 4295 1258 4358 λ
1277 4271 1358 4360 202·
1376 4292 1553 4371 lib-am
1573 4285 1714 4372 lim
1735 4283 1776 4375 ol

220 4513 221 4516 g
298 4434 467 4521 maen
483 4431 619 4513 1η.»
635 4421 867 4514 obluat(
885 4415 1026 4503 bem
1041 4471 1052 4493 .
1065 4405 1220 4509 iturus
1239 4417 1377 4504 lm·
1398 4415 1578 4520 0l.lll;;-
1598 4403 1776 4494 ..sim

220 4541 222 4578 ἶ
298 4555 450 4649 ,βψς
471 4559 613 4647 stum
634 4565 700 4660 ῥυ
718 4607 729 4632 .
750 4551 880 4636 [ωηο
902 4547 982 4632 [ιω
1004 4547 1087 4634 lm
1107 4536 1188 4628 σὀδ
1206 4601 1217 4624 .
1237 4533 1384 4640 lausai
1404 4551 1523 4638 132³&
1545 4561 1589 4620 “0
1606 4562 1774 4634 gloriosum

297 4705 490 4762 sacerdotium
522 4703 647 4762 ostende
678 4701 751 4760 mihi
783 4713 874 4772 gazas
905 4696 1075 4756 diviliarum
1107 4697 1237 4768 tuarum,
1255 4696 1288 4750 ut
1314 4693 1454 4764 impleam
1485 4695 1659 4750 thesaurum
1691 4706 1775 4751 meae

1378 5001 1399 5064 9
