4584 6309
999 664 1037 675 -
1057 632 1098 695 29
1119 664 1157 675 ..

382 768 386 775 '
441 742 662 847 Quamobrem
685 789 758 835 curn
782 769 943 835 eiusmodi
966 768 1205 849 resolutionum
1227 768 1353 847 sylloge
1373 765 1417 829 sit
1436 765 1544 830 foetus
1564 770 1734 833 auctorum
1757 786 1823 833 mo-

333 907 598 987 nophysitarum,
621 910 697 972 hinc
718 911 770 973 est
802 909 890 988 quod
925 907 1044 969 ibidem
1066 905 1163 969 titulo
1186 903 1329 981 “sancti„
1353 907 1651 967 commemorentur
1680 907 1824 970 decorati

333 1041 475 1106 Severus
496 1048 595 1124 atque
625 1046 680 1109 alii
703 1062 742 1109 ex
764 1044 854 1108 illius
885 1045 992 1107 sectae
1022 1041 1219 1121 coriphaei5‚
1251 1044 1283 1103 et
1314 1058 1445 1104 summa
1466 1040 1589 1105 iniuria
1619 1042 1824 1122 impetuntur

330 1180 506 1243 concilium
541 1183 812 1246 chalcedonense
847 1181 1061 1258 eiusdemque
1089 1176 1341 1257 sequacesi.e.
1363 1178 1558 1241 orthodoxi.
1594 1177 1677 1241 Cum
1718 1196 1818 1259 porro

335 1314 496 1380 nefandos
530 1318 667 1381 istorum
691 1317 862 1380 hominum
886 1315 1123 1379 haereticorum
1146 1330 1250 1376 ausus
1273 1330 1335 1377 nos
1356 1315 1455 1393 plane
1477 1314 1703 1393 improbemus
1724 1318 1824 1395 atque

331 1452 537 1532 damnemus,
561 1454 766 1517 nihilomims
782 1456 874 1516 nulla
888 1453 954 1516 alia
974 1470 1076 1515 causa
1098 1468 1161 1514 nos
1183 1450 1311 1514 induxit
1323 1451 1366 1514 ad
1389 1453 1479 1515 iliam
1494 1454 1644 1533 syllogen
1661 1453 1694 1515 in
1712 1456 1819 1517 lucem

332 1589 492 1652 edendam
515 1607 588 1653 cum
612 1590 716 1653 latina
745 1590 897 1653 versione
930 1589 1152 1668 brevibusque
1173 1588 1456 1663 adnotationibus,
1478 1589 1542 1652 nisi
1565 1590 1644 1669 quia
1666 1590 1823 1669 pleraque

330 1740 417 1805 quae
439 1726 558 1789 ibidem
580 1728 756 1789 traduntur
777 1728 816 1789 de
839 1744 872 1789 re
893 1726 963 1789 sive
984 1724 1144 1787 canonica
1165 1724 1235 1787 sive
1256 1722 1405 1803 liturgica
1426 1724 1494 1821 sint
1514 1727 1704 1806 antiquiora
1725 1729 1821 1790 aetate

332 1880 398 1942 qua
413 1864 455 1925 ab
470 1863 614 1927 Ecclesia
629 1861 798 1927 Catholica
820 1862 1072 1943 monophysitae
1093 1876 1167 1924 sese
1182 1860 1415 1925 seiunxerunt.
1438 1862 1570 1927 Accedit
1591 1865 1680 1942 quod
1696 1863 1818 1927 ibidem

332 1998 564 2063 contineantur
593 1999 756 2079 plurimae
786 2000 869 2063 scitu
902 1998 1020 2079 dignae
1052 1996 1187 2061 notitiae
1209 1998 1391 2077 exquibus
1413 2000 1552 2063 historia
1587 2000 1821 2078 ecelesiastica,

333 2133 465 2214 liturgia
486 2136 634 2216 aliaeque
656 2153 769 2201 sacrae
791 2136 986 2216 disciplinae
1009 2134 1143 2200 rniritice
1166 2134 1393 2198 illustrantur.
