4584 6309
993 644 1031 654 ..
1052 612 1093 673 03
1114 642 1152 655 .-

330 749 491 813 Laodicea
512 748 661 829 synodus
681 748 935 827 quingentorum
958 748 1126 828 sexaginta
1147 749 1179 810 et
1199 749 1324 826 septem
1354 748 1584 827 episcoporum
1617 751 1759 815 decrevit
1780 770 1821 815 ne

329 886 476 965 amplius
497 884 755 965 chorepiscopus
777 885 842 948 ista
862 885 961 949 iaciat
982 887 1045 963 (1).

441 1022 475 1084 Π
498 1022 673 1101 Presbyter
693 1022 726 1085 in
750 1022 936 1101 praesentia
957 1022 1102 1101 episcopi
1125 1022 1157 1084 et
1177 1020 1410 1099 archidiaconi,
1433 1026 1602 1101 nequeunt
1623 1023 1817 1088 interdicere

328 1159 519 1237 quempiam
542 1177 549 1223 :
572 1159 599 1221 si
622 1162 731 1223 autem
763 1177 872 1223 coram
905 1158 988 1239 ipsis
1008 1158 1180 1221 cuiusdam
1202 1175 1304 1221 causa
1324 1157 1532 1237 diiudicatur,
1554 1159 1742 1240 dignusque
1765 1161 1820 1224 ille

329 1292 494 1359 interdicti
525 1298 707 1375 censeatur,
728 1296 884 1360 certiores
915 1296 1037 1361 iaciant
1069 1295 1260 1375 episcopum
1282 1298 1314 1358 et
1334 1295 1613 1376 archidiaconum,
1636 1298 1693 1376 qui
1727 1298 1819 1360 illum

331 1432 523 1496 interdicet.

444 1571 479 1631 18
499 1568 685 1650 Presbyteri
717 1586 874 1651 pagorum
906 1544 1090 1633 facultatem
1125 1571 1247 1633 habent
1277 1568 1492 1633 interdicendi
1503 1556 1668 1635 'subditos
1688 1590 1770 1636 suos
1790 1574 1825 1651 si,

214 1748 215 1771 r
329 1708 548 1788 deliquerint.
570 1708 628 1770 Sin
651 1724 729 1770 vero
751 1709 943 1773 interdictus
962 1708 1108 1787 confugit
1129 1710 1172 1771 ad
1193 1708 1396 1788 episcopum,
1417 1710 1459 1773 ad
1481 1726 1555 1773 eum
1578 1712 1752 1791 appellans
1773 1715 1817 1776 ah

259 1892 261 1897 .
329 1845 504 1908 interdicto
525 1844 588 1907 sibi
611 1844 724 1924 inique
746 1842 880 1921 inflicto,
903 1858 969 1905 non
991 1843 1088 1907 debet
1108 1844 1285 1923 episcopus
1305 1845 1518 1920 (immediate
1542 1847 1555 1923 )
1576 1863 1640 1910 sua
1661 1851 1820 1927 potestate

332 1982 390 2059 uti,
411 1983 470 2045 sed
492 1982 651 2045 arcessito
674 1981 767 2060 prius
795 1980 986 2060 presbytero
1008 1980 1076 2057 illo,
1099 1980 1132 2042 in
1156 1997 1223 2043 rem
1246 1982 1316 2044 iure
1338 1981 1493 2061 inquirat,
1516 1985 1556 2063 et,
1577 1984 1605 2047 si
1628 1985 1819 2064 deprehen·

331 2118 416 2181 derit
437 2118 529 2181 illum
564 2118 739 2195 hominem,
761 2116 889 2197 quisvis
911 2116 965 2179 ille
986 2116 1038 2195 sit,
1061 2116 1182 2180 iniuste
1212 2117 1316 2182 luisse
1351 2119 1568 2198 interdictum,
1600 2120 1751 2201 iniungat
1772 2122 1820 2185 illi

331 2256 524 2334 presbytero
546 2256 580 2317 ut
602 2253 809 2317 interdictum
832 2269 853 2314 a
873 2268 1015 2315 censura
1044 2253 1160 2330 solvat,
1192 2257 1389 2334 moneatque
1420 2256 1560 2319 eundem
1592 2260 1818 2337 presbyterum

331 2392 421 2470 quod
438 2407 647 2470 nequaquam
664 2390 786 2453 licitum
802 2390 845 2453 sit
860 2388 922 2467 ipsi
940 2390 975 2451 ut
989 2388 1117 2468 absque
1132 2392 1261 2453 maturo
1276 2390 1397 2455 iudicio
1418 2392 1606 2482 quempiam
1629 2392 1818 2457 interdicat.

443 2526 478 2589 19
499 2526 592 2603 Quae
623 2526 766 2589 diximus
796 2526 836 2588 de
866 2524 1103 2604 chorepiscopo
1134 2522 1342 2604 applicanda
1363 2528 1442 2589 sunt
1473 2529 1504 2590 et
1533 2527 1735 2605 periodeutis
1756 2528 1819 2607 (2).

329 2664 544 2729 Periodeutae
565 2666 673 2729 autem
697 2680 763 2725 una
783 2679 857 2725 cum
880 2661 1090 2742 presbyteris,
1105 2661 1256 2725 diaconis
1270 2664 1302 2725 et
1317 2662 1494 2727 lectoribus
1514 2667 1594 2727 sunt
1613 2682 1731 2728 omnes
1752 2667 1816 2728 sub

331 2802 490 2880 potestate
511 2799 748 2879 chorepiscopi,
769 2798 822 2861 cui
844 2801 894 2861 est
915 2798 991 2861 illos
1012 2798 1153 2876 erudire,
1174 2798 1352 2861 admonere
1382 2800 1483 2879 atque
1503 2800 1600 2863 etiam
1623 2803 1763 2879 plectere
1785 2804 1813 2864 si

331 2937 529 3017 deliquerint
550 2936 691 3016 singulis
713 2935 834 2999 inilicta
855 2952 915 3014 pro
936 2952 999 2998 sua
1019 2938 1117 3015 culpa
1138 2937 1327 3015 opportuna
1348 2953 1474 3014 poena.

438 3074 479 3136 20
496 3072 754 3183 Q&
776 3072 862 3135 idem
897 3076 995 3135 sonat
1017 3088 1056 3134 ac
1078 3070 1286 3151 universalis,
1308 3072 1516 3151 metropolita
1546 3074 1640 3151 pater
1669 3072 1819 3150 civitatis,

333 3212 511 3291 episcopus
530 3211 662 3273 curator
676 3208 800 3288 populi,
814 3207 1072 3287 chorepiscopus
1092 3210 1226 3271 curator
1246 3224 1416 3288 pagorum,
1431 3208 1622 3287 periodeuta
1642 3208 1819 3276 circulans.

437 3348 474 3409 21
498 3348 583 3411 Ante
613 3346 794 3426 quamlibet
816 3362 936 3409 manus
967 3343 1211 3425 impositionem
1242 3344 1419 3424 episcopus
1441 3345 1498 3424 qui
1521 3362 1655 3407 manum
1678 3345 1818 3424 imponit

333 3484 417 3547 dicat
438 3482 484 3547 uti
506 3482 685 3563 sequitur:
709 3481 841 3545 “Gratia
862 3480 995 3545 Domini
1029 3480 1132 3543 nostri
1157 3481 1228 3545 lesu
1261 3480 1395 3559 Christi,
1417 3499 1503 3561 quae
1532 3481 1651 3561 quavis
1670 3483 1819 3559 tempore

332 3623 460 3701 supplet
481 3620 513 3684 id
535 3621 624 3700 quod
646 3620 763 3699 delicit,
779 3637 836 3699 per
858 3620 1097 3699 beneplacitum
1114 3620 1174 3683 Dei
1189 3621 1221 3683 et
1239 3619 1392 3683 virtutem
1414 3620 1559 3699 Spiritus
1579 3620 1693 3683 Sancti
1715 3620 1813 3684 etiam

334 3758 428 3821 modo
463 3756 609 3835 elegitN
638 3774 675 3820 ex
697 3758 769 3820 loco
798 3756 890 3819 Nad
926 3754 1096 3819 ecclesiam
1133 3774 1219 3836 quae
1254 3756 1307 3820 hic
1342 3759 1409 3821 est.
1445 3757 1665 3837 Deprecemur
1698 3774 1818 3822 omues

336 4046 771 4059 m

363 4288 406 4355 (1)
425 4288 502 4345 lnler
521 4288 736 4360 quinquaginta
758 4304 864 4347 novem
893 4306 1024 4347 canones
1043 4290 1152 4361 synodi
1183 4291 1377 4349 laodicensis
1410 4291 1507 4347 nullus
1529 4290 1644 4362 estqui
1665 4288 1814 4347 interdicit

328 4415 558 4489 chorepiscopis,
577 4432 613 4474 ne
634 4432 686 4489 per
704 4432 801 4489 pagos
819 4418 958 4476 ordinent
976 4417 1212 4491 hypodiaconos,
1230 4419 1358 4477 lectores
1378 4421 1407 4476 et
1425 4419 1607 4476 exorcistas.

362 4548 405 4613 (2·
424 4544 477 4606 Ci.
497 4562 569 4619 syn.
588 4548 716 4606 Laudic.
738 4564 812 4605 can.
830 4550 865 4605 57

360 4676 402 4742 (3)
421 4674 530 4737 Recole
549 4692 625 4749 quae
643 4680 680 4735 de
701 4674 893 4746 “Catholico,‚
914 4675 1043 4733 diximus
1063 4675 1092 4731 in
1113 4675 1328 4747 praenotandis
1348 4678 1381 4733 4⁰

2080 4303 2082 4386 l
