<?xml version="1.0" encoding="UTF-8"?>
<!DOCTYPE html PUBLIC "-//W3C//DTD XHTML 1.0 Transitional//EN"
    "http://www.w3.org/TR/xhtml1/DTD/xhtml1-transitional.dtd">
<html xmlns="http://www.w3.org/1999/xhtml" xml:lang="en" lang="en">
 <head>
  <title>
</title>
<meta http-equiv="Content-Type" content="text/html;charset=utf-8" />
  <meta name='ocr-system' content='tesseract 3.04.00' />
  <meta name='ocr-capabilities' content='ocr_page ocr_carea ocr_par ocr_line ocrx_word'/>
</head>
<body>
  <div class='ocr_page' id='page_1' title='image "./studiasyriacase00rahmgoog_0048.png"; bbox 0 0 4584 6309; ppageno 0'>
   <div class='ocr_carea' id='block_1_1' title="bbox 504 584 2008 3260">
    <p class='ocr_par' dir='ltr' id='par_1_1' title="bbox 508 584 1329 801">
     <span class='ocr_line' id='line_1_1' title="bbox 1167 584 1329 645; baseline -0.006 -18"><span class='ocrx_word' id='word_1_1' title='bbox 1167 614 1208 627; x_wconf 87' lang='grc'>..</span> <span class='ocrx_word' id='word_1_2' title='bbox 1226 584 1271 645; x_wconf 64' lang='lat' dir='ltr'><strong>ffi</strong></span> <span class='ocrx_word' id='word_1_3' title='bbox 1289 615 1329 626; x_wconf 85' lang='grc'>-</span> 
     </span>
     <span class='ocr_line' id='line_1_2' title="bbox 508 722 995 801; baseline -0.006 -16"><span class='ocrx_word' id='word_1_4' title='bbox 508 722 635 801; x_wconf 69' lang='lat' dir='ltr'>pliciter</span> <span class='ocrx_word' id='word_1_5' title='bbox 656 722 808 785; x_wconf 83' lang='lat' dir='ltr'>haeretici</span> <span class='ocrx_word' id='word_1_6' title='bbox 830 727 909 783; x_wconf 88' lang='lat' dir='ltr'>sunt</span> <span class='ocrx_word' id='word_1_7' title='bbox 929 722 995 797; x_wconf 87' lang='lat' dir='ltr'>(l).</span> 
     </span>
    </p>

    <p class='ocr_par' dir='ltr' id='par_1_2' title="bbox 506 858 2003 1625">
     <span class='ocr_line' id='line_1_3' title="bbox 612 858 2002 936; baseline -0.004 -15"><span class='ocrx_word' id='word_1_8' title='bbox 612 858 705 921; x_wconf 84' lang='lat' dir='ltr'>xxrtl</span> <span class='ocrx_word' id='word_1_9' title='bbox 747 858 915 921; x_wconf 77' lang='lat' dir='ltr'>Habentes</span> <span class='ocrx_word' id='word_1_10' title='bbox 945 875 1020 921; x_wconf 89' lang='lat' dir='ltr'>cum</span> <span class='ocrx_word' id='word_1_11' title='bbox 1052 858 1226 921; x_wconf 73' lang='lat' dir='ltr'>haereticis</span> <span class='ocrx_word' id='word_1_12' title='bbox 1253 858 1532 929; x_wconf 80' lang='lat' dir='ltr'>communionem.</span> <span class='ocrx_word' id='word_1_13' title='bbox 1552 858 1581 920; x_wconf 88' lang='lat' dir='ltr'>si</span> <span class='ocrx_word' id='word_1_14' title='bbox 1602 859 1691 920; x_wconf 84' lang='lat' dir='ltr'>lilios</span> <span class='ocrx_word' id='word_1_15' title='bbox 1718 875 1801 920; x_wconf 83' lang='lat' dir='ltr'>suos</span> <span class='ocrx_word' id='word_1_16' title='bbox 1825 858 1917 936; x_wconf 89' lang='lat' dir='ltr'>apud</span> <span class='ocrx_word' id='word_1_17' title='bbox 1937 872 2002 915; x_wconf 80' lang='lat' dir='ltr'>ms</span> 
     </span>
     <span class='ocr_line' id='line_1_4' title="bbox 508 996 2002 1075; baseline -0.003 -16"><span class='ocrx_word' id='word_1_18' title='bbox 508 998 726 1075; x_wconf 74' lang='lat' dir='ltr'>baptizandos</span> <span class='ocrx_word' id='word_1_19' title='bbox 745 996 920 1073; x_wconf 77' lang='lat' dir='ltr'>voluerint,</span> <span class='ocrx_word' id='word_1_20' title='bbox 935 996 1012 1057; x_wconf 86' lang='lat' dir='ltr'>illos</span> <span class='ocrx_word' id='word_1_21' title='bbox 1031 996 1208 1059; x_wconf 86' lang='lat' dir='ltr'>admonete</span> <span class='ocrx_word' id='word_1_22' title='bbox 1220 1000 1254 1058; x_wconf 93' lang='lat' dir='ltr'>et</span> <span class='ocrx_word' id='word_1_23' title='bbox 1268 998 1313 1058; x_wconf 82' lang='lat' dir='ltr'>ab</span> <span class='ocrx_word' id='word_1_24' title='bbox 1333 996 1450 1059; x_wconf 86' lang='lat' dir='ltr'>iisdem</span> <span class='ocrx_word' id='word_1_25' title='bbox 1470 997 1589 1075; x_wconf 80' lang='lat' dir='ltr'>exigite</span> <span class='ocrx_word' id='word_1_26' title='bbox 1602 1003 1640 1059; x_wconf 90' lang='lat' dir='ltr'>ut</span> <span class='ocrx_word' id='word_1_27' title='bbox 1651 996 1824 1059; x_wconf 81' lang='lat' dir='ltr'>vobiscum</span> <span class='ocrx_word' id='word_1_28' title='bbox 1844 1012 2002 1056; x_wconf 87' lang='lat' dir='ltr'>commu-</span> 
     </span>
     <span class='ocr_line' id='line_1_5' title="bbox 508 1130 2003 1211; baseline -0.003 -16"><span class='ocrx_word' id='word_1_29' title='bbox 508 1132 640 1195; x_wconf 79' lang='lat' dir='ltr'>nionem</span> <span class='ocrx_word' id='word_1_30' title='bbox 671 1134 815 1195; x_wconf 83' lang='lat' dir='ltr'>habeant</span> <span class='ocrx_word' id='word_1_31' title='bbox 835 1132 869 1195; x_wconf 94' lang='lat' dir='ltr'>in</span> <span class='ocrx_word' id='word_1_32' title='bbox 891 1134 1029 1195; x_wconf 85' lang='lat' dir='ltr'>ecclesia</span> <span class='ocrx_word' id='word_1_33' title='bbox 1058 1134 1261 1195; x_wconf 80' lang='lat' dir='ltr'>orthodoxa.</span> <span class='ocrx_word' id='word_1_34' title='bbox 1280 1132 1316 1195; x_wconf 86' lang='lat' dir='ltr'>Si</span> <span class='ocrx_word' id='word_1_35' title='bbox 1346 1137 1457 1195; x_wconf 82' lang='lat' dir='ltr'>autem</span> <span class='ocrx_word' id='word_1_36' title='bbox 1488 1133 1603 1211; x_wconf 87' lang='lat' dir='ltr'>nequit</span> <span class='ocrx_word' id='word_1_37' title='bbox 1632 1134 1667 1194; x_wconf 90' lang='lat' dir='ltr'>id</span> <span class='ocrx_word' id='word_1_38' title='bbox 1686 1132 1759 1195; x_wconf 85' lang='lat' dir='ltr'>lieri</span> <span class='ocrx_word' id='word_1_39' title='bbox 1788 1132 1940 1210; x_wconf 74' lang='lat' dir='ltr'>qualibet</span> <span class='ocrx_word' id='word_1_40' title='bbox 1959 1130 2003 1192; x_wconf 90' lang='lat' dir='ltr'>de</span> 
     </span>
     <span class='ocr_line' id='line_1_6' title="bbox 506 1268 2002 1348; baseline 0 -17"><span class='ocrx_word' id='word_1_41' title='bbox 506 1284 617 1345; x_wconf 70' lang='lat' dir='ltr'>causa,</span> <span class='ocrx_word' id='word_1_42' title='bbox 638 1268 801 1348; x_wconf 81' lang='lat' dir='ltr'>baptizate</span> <span class='ocrx_word' id='word_1_43' title='bbox 821 1268 1001 1331; x_wconf 71' lang='lat' dir='ltr'>earundem</span> <span class='ocrx_word' id='word_1_44' title='bbox 1022 1268 1111 1331; x_wconf 86' lang='lat' dir='ltr'>tilios</span> <span class='ocrx_word' id='word_1_45' title='bbox 1130 1270 1313 1331; x_wconf 90' lang='lat' dir='ltr'>dummodo</span> <span class='ocrx_word' id='word_1_46' title='bbox 1332 1270 1429 1331; x_wconf 79' lang='lat' dir='ltr'>robis</span> <span class='ocrx_word' id='word_1_47' title='bbox 1449 1274 1580 1347; x_wconf 83' lang='lat' dir='ltr'>pactum</span> <span class='ocrx_word' id='word_1_48' title='bbox 1596 1270 1783 1347; x_wconf 75' lang='lat' dir='ltr'><strong>pepigerint</strong></span> <span class='ocrx_word' id='word_1_49' title='bbox 1800 1285 1913 1330; x_wconf 88' lang='lat' dir='ltr'>coram</span> <span class='ocrx_word' id='word_1_50' title='bbox 1929 1268 2002 1331; x_wconf 89' lang='lat' dir='ltr'>Deo</span> 
     </span>
     <span class='ocr_line' id='line_1_7' title="bbox 507 1406 1996 1485; baseline -0.002 -15"><span class='ocrx_word' id='word_1_51' title='bbox 507 1408 654 1471; x_wconf 78' lang='lat' dir='ltr'>iurantes</span> <span class='ocrx_word' id='word_1_52' title='bbox 668 1424 704 1470; x_wconf 81' lang='lat' dir='ltr'>se</span> <span class='ocrx_word' id='word_1_53' title='bbox 725 1406 860 1469; x_wconf 85' lang='lat' dir='ltr'>minime</span> <span class='ocrx_word' id='word_1_54' title='bbox 874 1406 915 1469; x_wconf 89' lang='lat' dir='ltr'>ad</span> <span class='ocrx_word' id='word_1_55' title='bbox 931 1406 1114 1469; x_wconf 85' lang='lat' dir='ltr'>haereticos</span> <span class='ocrx_word' id='word_1_56' title='bbox 1134 1422 1194 1468; x_wconf 82' lang='lat' dir='ltr'>eos</span> <span class='ocrx_word' id='word_1_57' title='bbox 1212 1406 1415 1469; x_wconf 81' lang='lat' dir='ltr'><strong>adducturos</strong></span> <span class='ocrx_word' id='word_1_58' title='bbox 1435 1423 1520 1483; x_wconf 83' lang='lat' dir='ltr'>esse,</span> <span class='ocrx_word' id='word_1_59' title='bbox 1538 1408 1599 1469; x_wconf 83' lang='lat' dir='ltr'>sed</span> <span class='ocrx_word' id='word_1_60' title='bbox 1618 1408 1755 1469; x_wconf 86' lang='lat' dir='ltr'>eosdem</span> <span class='ocrx_word' id='word_1_61' title='bbox 1774 1407 1833 1485; x_wconf 89' lang='lat' dir='ltr'>qui</span> <span class='ocrx_word' id='word_1_62' title='bbox 1853 1424 1876 1468; x_wconf 90' lang='lat' dir='ltr'>a</span> <span class='ocrx_word' id='word_1_63' title='bbox 1895 1406 1996 1467; x_wconf 79' lang='lat' dir='ltr'>robis</span> 
     </span>
     <span class='ocr_line' id='line_1_8' title="bbox 507 1540 1999 1625; baseline -0.002 -20"><span class='ocrx_word' id='word_1_64' title='bbox 507 1540 641 1606; x_wconf 84' lang='lat' dir='ltr'>luerunt</span> <span class='ocrx_word' id='word_1_65' title='bbox 662 1546 814 1625; x_wconf 88' lang='lat' dir='ltr'>baptizati</span> <span class='ocrx_word' id='word_1_66' title='bbox 837 1546 926 1625; x_wconf 91' lang='lat' dir='ltr'>apud</span> <span class='ocrx_word' id='word_1_67' title='bbox 947 1560 1008 1606; x_wconf 86' lang='lat' dir='ltr'>vos</span> <span class='ocrx_word' id='word_1_68' title='bbox 1027 1559 1207 1605; x_wconf 87' lang='lat' dir='ltr'>mansuros</span> <span class='ocrx_word' id='word_1_69' title='bbox 1226 1543 1324 1604; x_wconf 88' lang='lat' dir='ltr'>etiam</span> <span class='ocrx_word' id='word_1_70' title='bbox 1346 1560 1409 1621; x_wconf 93' lang='lat' dir='ltr'>pro</span> <span class='ocrx_word' id='word_1_71' title='bbox 1427 1543 1664 1605; x_wconf 83' lang='lat' dir='ltr'>communione</span> <span class='ocrx_word' id='word_1_72' title='bbox 1690 1543 1910 1605; x_wconf 78' lang='lat' dir='ltr'>eucharistion</span> <span class='ocrx_word' id='word_1_73' title='bbox 1930 1543 1999 1617; x_wconf 78' lang='grc'><strong>(2).</strong></span> 
     </span>
    </p>

    <p class='ocr_par' dir='ltr' id='par_1_3' title="bbox 504 1680 2008 3260">
     <span class='ocr_line' id='line_1_9' title="bbox 616 1680 2004 1759; baseline -0.002 -16"><span class='ocrx_word' id='word_1_74' title='bbox 616 1680 712 1743; x_wconf 83' lang='lat' dir='ltr'>xxtv</span> <span class='ocrx_word' id='word_1_75' title='bbox 752 1680 849 1757; x_wconf 88' lang='lat' dir='ltr'>Quod</span> <span class='ocrx_word' id='word_1_76' title='bbox 870 1683 912 1744; x_wconf 90' lang='lat' dir='ltr'>ad</span> <span class='ocrx_word' id='word_1_77' title='bbox 936 1680 1012 1743; x_wconf 88' lang='lat' dir='ltr'>illos</span> <span class='ocrx_word' id='word_1_78' title='bbox 1041 1684 1177 1759; x_wconf 79' lang='lat' dir='ltr'>spectat,</span> <span class='ocrx_word' id='word_1_79' title='bbox 1208 1680 1267 1759; x_wconf 93' lang='lat' dir='ltr'>qui</span> <span class='ocrx_word' id='word_1_80' title='bbox 1295 1684 1452 1742; x_wconf 82' lang='lat' dir='ltr'>asserunt</span> <span class='ocrx_word' id='word_1_81' title='bbox 1471 1680 1632 1742; x_wconf 82' lang='lat' dir='ltr'>sciuisse</span> <span class='ocrx_word' id='word_1_82' title='bbox 1661 1680 1768 1744; x_wconf 84' lang='lat' dir='ltr'>laetos</span> <span class='ocrx_word' id='word_1_83' title='bbox 1797 1680 2004 1755; x_wconf 75' lang='lat' dir='ltr'>sacerdotes,</span> 
     </span>
     <span class='ocr_line' id='line_1_10' title="bbox 506 1815 2002 1895; baseline -0.002 -16"><span class='ocrx_word' id='word_1_84' title='bbox 506 1816 588 1895; x_wconf 88' lang='lat' dir='ltr'>quin</span> <span class='ocrx_word' id='word_1_85' title='bbox 610 1820 721 1881; x_wconf 86' lang='lat' dir='ltr'>lamen</span> <span class='ocrx_word' id='word_1_86' title='bbox 753 1818 982 1881; x_wconf 89' lang='lat' dir='ltr'>demonstrare</span> <span class='ocrx_word' id='word_1_87' title='bbox 1011 1818 1142 1879; x_wconf 90' lang='lat' dir='ltr'>valeant</span> <span class='ocrx_word' id='word_1_88' title='bbox 1162 1816 1319 1895; x_wconf 87' lang='lat' dir='ltr'>quisnam</span> <span class='ocrx_word' id='word_1_89' title='bbox 1347 1816 1527 1894; x_wconf 86' lang='lat' dir='ltr'>episcopus</span> <span class='ocrx_word' id='word_1_90' title='bbox 1547 1816 1640 1894; x_wconf 86' lang='lat' dir='ltr'>ipsos</span> <span class='ocrx_word' id='word_1_91' title='bbox 1659 1818 1849 1879; x_wconf 77' lang='lat' dir='ltr'>sacerdotes</span> <span class='ocrx_word' id='word_1_92' title='bbox 1869 1815 2002 1886; x_wconf 70' lang='lat' dir='ltr'>lecerit,</span> 
     </span>
     <span class='ocr_line' id='line_1_11' title="bbox 506 1952 2002 2033; baseline -0.001 -18"><span class='ocrx_word' id='word_1_93' title='bbox 506 1952 564 2015; x_wconf 75' lang='lat' dir='ltr'>sed</span> <span class='ocrx_word' id='word_1_94' title='bbox 586 1970 689 2033; x_wconf 90' lang='lat' dir='ltr'>quum</span> <span class='ocrx_word' id='word_1_95' title='bbox 721 1954 965 2033; x_wconf 75' lang='lat' dir='ltr'>interrogantur</span> <span class='ocrx_word' id='word_1_96' title='bbox 992 1954 1161 2033; x_wconf 91' lang='lat' dir='ltr'>quomodo</span> <span class='ocrx_word' id='word_1_97' title='bbox 1191 1952 1325 2015; x_wconf 83' lang='lat' dir='ltr'>luerunt</span> <span class='ocrx_word' id='word_1_98' title='bbox 1343 1952 1420 2015; x_wconf 88' lang='lat' dir='ltr'>lacti</span> <span class='ocrx_word' id='word_1_99' title='bbox 1441 1953 1644 2030; x_wconf 65' lang='lat' dir='ltr'>sacerdotes</span> <span class='ocrx_word' id='word_1_100' title='bbox 1664 1955 1869 2032; x_wconf 79' lang='lat' dir='ltr'>respondent</span> <span class='ocrx_word' id='word_1_101' title='bbox 1890 1954 2002 2026; x_wconf 85' lang='lat' dir='ltr'>illurn,</span> 
     </span>
     <span class='ocr_line' id='line_1_12' title="bbox 504 2088 1999 2169; baseline -0.001 -18"><span class='ocrx_word' id='word_1_102' title='bbox 504 2088 562 2169; x_wconf 92' lang='lat' dir='ltr'>qui</span> <span class='ocrx_word' id='word_1_103' title='bbox 585 2090 678 2169; x_wconf 84' lang='lat' dir='ltr'>ipsos</span> <span class='ocrx_word' id='word_1_104' title='bbox 698 2092 863 2155; x_wconf 88' lang='lat' dir='ltr'>ordinavit</span> <span class='ocrx_word' id='word_1_105' title='bbox 883 2090 1028 2154; x_wconf 83' lang='lat' dir='ltr'>codicem</span> <span class='ocrx_word' id='word_1_106' title='bbox 1044 2089 1212 2168; x_wconf 72' lang='lat' dir='ltr'>Evangelii</span> <span class='ocrx_word' id='word_1_107' title='bbox 1235 2089 1320 2167; x_wconf 87' lang='lat' dir='ltr'>ipsis</span> <span class='ocrx_word' id='word_1_108' title='bbox 1340 2106 1442 2168; x_wconf 92' lang='lat' dir='ltr'>super</span> <span class='ocrx_word' id='word_1_109' title='bbox 1461 2090 1571 2169; x_wconf 89' lang='lat' dir='ltr'>capita</span> <span class='ocrx_word' id='word_1_110' title='bbox 1591 2090 1800 2169; x_wconf 78' lang='lat' dir='ltr'>imposuisse,</span> <span class='ocrx_word' id='word_1_111' title='bbox 1820 2090 1999 2152; x_wconf 89' lang='lat' dir='ltr'>sciendum</span> 
     </span>
     <span class='ocr_line' id='line_1_13' title="bbox 505 2226 2001 2305; baseline -0.003 -14"><span class='ocrx_word' id='word_1_112' title='bbox 505 2231 555 2291; x_wconf 81' lang='lat' dir='ltr'>est</span> <span class='ocrx_word' id='word_1_113' title='bbox 575 2229 660 2293; x_wconf 85' lang='lat' dir='ltr'>tales</span> <span class='ocrx_word' id='word_1_114' title='bbox 682 2228 835 2292; x_wconf 88' lang='lat' dir='ltr'>homines</span> <span class='ocrx_word' id='word_1_115' title='bbox 866 2230 1057 2291; x_wconf 88' lang='lat' dir='ltr'>nullatenus</span> <span class='ocrx_word' id='word_1_116' title='bbox 1085 2228 1272 2289; x_wconf 87' lang='lat' dir='ltr'>censendos</span> <span class='ocrx_word' id='word_1_117' title='bbox 1292 2228 1336 2288; x_wconf 88' lang='lat' dir='ltr'>ab</span> <span class='ocrx_word' id='word_1_118' title='bbox 1356 2226 1513 2305; x_wconf 90' lang='lat' dir='ltr'>episcopo</span> <span class='ocrx_word' id='word_1_119' title='bbox 1542 2226 1735 2288; x_wconf 85' lang='lat' dir='ltr'>ordinatos.</span> <span class='ocrx_word' id='word_1_120' title='bbox 1756 2226 1878 2288; x_wconf 84' lang='lat' dir='ltr'>Nullus</span> <span class='ocrx_word' id='word_1_121' title='bbox 1906 2226 2001 2287; x_wconf 90' lang='lat' dir='ltr'>enirn</span> 
     </span>
     <span class='ocr_line' id='line_1_14' title="bbox 507 2362 2003 2445; baseline -0.003 -18"><span class='ocrx_word' id='word_1_122' title='bbox 507 2364 605 2429; x_wconf 86' lang='lat' dir='ltr'>datur</span> <span class='ocrx_word' id='word_1_123' title='bbox 625 2366 811 2445; x_wconf 86' lang='lat' dir='ltr'>episcopus,</span> <span class='ocrx_word' id='word_1_124' title='bbox 832 2364 889 2444; x_wconf 92' lang='lat' dir='ltr'>qui</span> <span class='ocrx_word' id='word_1_125' title='bbox 912 2364 1038 2443; x_wconf 80' lang='lat' dir='ltr'>ignoret</span> <span class='ocrx_word' id='word_1_126' title='bbox 1059 2364 1101 2425; x_wconf 90' lang='lat' dir='ltr'>ad</span> <span class='ocrx_word' id='word_1_127' title='bbox 1123 2362 1261 2425; x_wconf 88' lang='lat' dir='ltr'>clericos</span> <span class='ocrx_word' id='word_1_128' title='bbox 1280 2363 1487 2425; x_wconf 87' lang='lat' dir='ltr'>ordinandos</span> <span class='ocrx_word' id='word_1_129' title='bbox 1507 2379 1719 2441; x_wconf 83' lang='lat' dir='ltr'>nequaquam</span> <span class='ocrx_word' id='word_1_130' title='bbox 1739 2379 1843 2438; x_wconf 86' lang='lat' dir='ltr'>super</span> <span class='ocrx_word' id='word_1_131' title='bbox 1862 2377 2003 2424; x_wconf 84' lang='lat' dir='ltr'>eomn·</span> 
     </span>
     <span class='ocr_line' id='line_1_15' title="bbox 509 2499 2004 2581; baseline -0.003 -16"><span class='ocrx_word' id='word_1_132' title='bbox 509 2502 582 2565; x_wconf 86' lang='lat' dir='ltr'>dem</span> <span class='ocrx_word' id='word_1_133' title='bbox 605 2504 713 2581; x_wconf 89' lang='lat' dir='ltr'>capita</span> <span class='ocrx_word' id='word_1_134' title='bbox 734 2500 901 2581; x_wconf 81' lang='lat' dir='ltr'>Evangelii</span> <span class='ocrx_word' id='word_1_135' title='bbox 923 2501 1068 2563; x_wconf 85' lang='lat' dir='ltr'>codicem</span> <span class='ocrx_word' id='word_1_136' title='bbox 1091 2500 1329 2579; x_wconf 88' lang='lat' dir='ltr'>imponendum</span> <span class='ocrx_word' id='word_1_137' title='bbox 1351 2516 1443 2562; x_wconf 86' lang='lat' dir='ltr'>esse.</span> <span class='ocrx_word' id='word_1_138' title='bbox 1464 2500 1529 2575; x_wconf 86' lang='lat' dir='ltr'>Qui</span> <span class='ocrx_word' id='word_1_139' title='bbox 1551 2502 1662 2579; x_wconf 90' lang='lat' dir='ltr'>itaque</span> <span class='ocrx_word' id='word_1_140' title='bbox 1683 2502 1769 2562; x_wconf 87' lang='lat' dir='ltr'>tales</span> <span class='ocrx_word' id='word_1_141' title='bbox 1787 2502 1877 2575; x_wconf 89' lang='lat' dir='ltr'>sunt,</span> <span class='ocrx_word' id='word_1_142' title='bbox 1896 2499 2004 2561; x_wconf 78' lang='lat' dir='ltr'>desi-</span> 
     </span>
     <span class='ocr_line' id='line_1_16' title="bbox 511 2634 2005 2715; baseline 0 -18"><span class='ocrx_word' id='word_1_143' title='bbox 511 2638 593 2699; x_wconf 89' lang='lat' dir='ltr'>nant</span> <span class='ocrx_word' id='word_1_144' title='bbox 613 2634 751 2699; x_wconf 88' lang='lat' dir='ltr'>omnino</span> <span class='ocrx_word' id='word_1_145' title='bbox 772 2652 808 2699; x_wconf 89' lang='lat' dir='ltr'>se</span> <span class='ocrx_word' id='word_1_146' title='bbox 829 2636 936 2699; x_wconf 87' lang='lat' dir='ltr'>dicere</span> <span class='ocrx_word' id='word_1_147' title='bbox 957 2637 1154 2699; x_wconf 86' lang='lat' dir='ltr'>sacerdotes.</span> <span class='ocrx_word' id='word_1_148' title='bbox 1175 2636 1235 2699; x_wconf 85' lang='lat' dir='ltr'>Sin</span> <span class='ocrx_word' id='word_1_149' title='bbox 1256 2654 1344 2715; x_wconf 85' lang='lat' dir='ltr'>vero,</span> <span class='ocrx_word' id='word_1_150' title='bbox 1365 2640 1402 2700; x_wconf 93' lang='lat' dir='ltr'>ut</span> <span class='ocrx_word' id='word_1_151' title='bbox 1421 2654 1496 2700; x_wconf 88' lang='lat' dir='ltr'>sese</span> <span class='ocrx_word' id='word_1_152' title='bbox 1509 2656 1530 2700; x_wconf 88' lang='lat' dir='ltr'>a</span> <span class='ocrx_word' id='word_1_153' title='bbox 1543 2638 1793 2700; x_wconf 77' lang='lat' dir='ltr'>difficultatibus</span> <span class='ocrx_word' id='word_1_154' title='bbox 1811 2635 2005 2714; x_wconf 84' lang='lat' dir='ltr'>expediant,</span> 
     </span>
     <span class='ocr_line' id='line_1_17' title="bbox 510 2771 2001 2853; baseline -0.001 -20"><span class='ocrx_word' id='word_1_155' title='bbox 510 2774 676 2849; x_wconf 85' lang='lat' dir='ltr'>reponunt</span> <span class='ocrx_word' id='word_1_156' title='bbox 696 2788 732 2834; x_wconf 87' lang='lat' dir='ltr'>se</span> <span class='ocrx_word' id='word_1_157' title='bbox 752 2775 879 2835; x_wconf 88' lang='lat' dir='ltr'>tantum</span> <span class='ocrx_word' id='word_1_158' title='bbox 901 2771 1005 2835; x_wconf 86' lang='lat' dir='ltr'>tactos</span> <span class='ocrx_word' id='word_1_159' title='bbox 1025 2772 1128 2835; x_wconf 83' lang='lat' dir='ltr'>luisse</span> <span class='ocrx_word' id='word_1_160' title='bbox 1149 2773 1295 2851; x_wconf 88' lang='lat' dir='ltr'>clericos,</span> <span class='ocrx_word' id='word_1_161' title='bbox 1316 2774 1463 2853; x_wconf 81' lang='lat' dir='ltr'>exigatur</span> <span class='ocrx_word' id='word_1_162' title='bbox 1475 2776 1519 2836; x_wconf 89' lang='lat' dir='ltr'>ab</span> <span class='ocrx_word' id='word_1_163' title='bbox 1532 2774 1575 2835; x_wconf 86' lang='lat' dir='ltr'>iis</span> <span class='ocrx_word' id='word_1_164' title='bbox 1589 2778 1625 2836; x_wconf 93' lang='lat' dir='ltr'>ut</span> <span class='ocrx_word' id='word_1_165' title='bbox 1638 2773 1817 2837; x_wconf 85' lang='lat' dir='ltr'>ostendant</span> <span class='ocrx_word' id='word_1_166' title='bbox 1836 2772 2001 2851; x_wconf 87' lang='lat' dir='ltr'>quisnam</span> 
     </span>
     <span class='ocr_line' id='line_1_18' title="bbox 514 2906 2008 2987; baseline 0 -18"><span class='ocrx_word' id='word_1_167' title='bbox 514 2906 606 2986; x_wconf 81' lang='lat' dir='ltr'>ipsos</span> <span class='ocrx_word' id='word_1_168' title='bbox 627 2906 717 2971; x_wconf 88' lang='lat' dir='ltr'>lecit.</span> <span class='ocrx_word' id='word_1_169' title='bbox 738 2906 821 2971; x_wconf 87' lang='lat' dir='ltr'>Cum</span> <span class='ocrx_word' id='word_1_170' title='bbox 844 2912 951 2973; x_wconf 88' lang='lat' dir='ltr'>autem</span> <span class='ocrx_word' id='word_1_171' title='bbox 974 2908 1143 2987; x_wconf 83' lang='lat' dir='ltr'>resipiant,</span> <span class='ocrx_word' id='word_1_172' title='bbox 1164 2912 1197 2971; x_wconf 88' lang='lat' dir='ltr'>et</span> <span class='ocrx_word' id='word_1_173' title='bbox 1217 2908 1309 2987; x_wconf 87' lang='lat' dir='ltr'>ipsos</span> <span class='ocrx_word' id='word_1_174' title='bbox 1329 2909 1494 2987; x_wconf 88' lang='lat' dir='ltr'>poeniteat</span> <span class='ocrx_word' id='word_1_175' title='bbox 1515 2912 1719 2987; x_wconf 86' lang='lat' dir='ltr'>perpetratae</span> <span class='ocrx_word' id='word_1_176' title='bbox 1737 2912 1856 2987; x_wconf 89' lang='lat' dir='ltr'>culpae</span> <span class='ocrx_word' id='word_1_177' title='bbox 1875 2908 2008 2970; x_wconf 84' lang='lat' dir='ltr'>latean-</span> 
     </span>
     <span class='ocr_line' id='line_1_19' title="bbox 505 3044 2005 3125; baseline 0.001 -20"><span class='ocrx_word' id='word_1_178' title='bbox 505 3044 626 3123; x_wconf 88' lang='lat' dir='ltr'>turque</span> <span class='ocrx_word' id='word_1_179' title='bbox 646 3060 683 3107; x_wconf 86' lang='lat' dir='ltr'>se</span> <span class='ocrx_word' id='word_1_180' title='bbox 705 3044 838 3109; x_wconf 88' lang='lat' dir='ltr'>minime</span> <span class='ocrx_word' id='word_1_181' title='bbox 859 3045 964 3109; x_wconf 82' lang='lat' dir='ltr'>iactos</span> <span class='ocrx_word' id='word_1_182' title='bbox 984 3044 1087 3108; x_wconf 82' lang='lat' dir='ltr'>luisse</span> <span class='ocrx_word' id='word_1_183' title='bbox 1108 3045 1257 3122; x_wconf 87' lang='lat' dir='ltr'>clericos,</span> <span class='ocrx_word' id='word_1_184' title='bbox 1270 3045 1299 3107; x_wconf 89' lang='lat' dir='ltr'>si</span> <span class='ocrx_word' id='word_1_185' title='bbox 1315 3046 1434 3108; x_wconf 89' lang='lat' dir='ltr'>deinde</span> <span class='ocrx_word' id='word_1_186' title='bbox 1454 3047 1677 3125; x_wconf 83' lang='lat' dir='ltr'>agnoscantur</span> <span class='ocrx_word' id='word_1_187' title='bbox 1697 3046 1787 3125; x_wconf 82' lang='lat' dir='ltr'>digni</span> <span class='ocrx_word' id='word_1_188' title='bbox 1809 3044 1867 3123; x_wconf 90' lang='lat' dir='ltr'>qui</span> <span class='ocrx_word' id='word_1_189' title='bbox 1883 3045 2005 3107; x_wconf 90' lang='lat' dir='ltr'>clerici</span> 
     </span>
     <span class='ocr_line' id='line_1_20' title="bbox 504 3178 2004 3260; baseline 0.001 -18"><span class='ocrx_word' id='word_1_190' title='bbox 504 3178 594 3257; x_wconf 80' lang='lat' dir='ltr'>hant,</span> <span class='ocrx_word' id='word_1_191' title='bbox 615 3178 799 3245; x_wconf 76' lang='lat' dir='ltr'>efficiantur</span> <span class='ocrx_word' id='word_1_192' title='bbox 831 3198 897 3245; x_wconf 89' lang='lat' dir='ltr'>non</span> <span class='ocrx_word' id='word_1_193' title='bbox 931 3182 1026 3245; x_wconf 87' lang='lat' dir='ltr'>aliter</span> <span class='ocrx_word' id='word_1_194' title='bbox 1046 3198 1085 3243; x_wconf 90' lang='lat' dir='ltr'>ac</span> <span class='ocrx_word' id='word_1_195' title='bbox 1105 3181 1133 3243; x_wconf 90' lang='lat' dir='ltr'>si</span> <span class='ocrx_word' id='word_1_196' title='bbox 1157 3182 1305 3243; x_wconf 87' lang='lat' dir='ltr'>nondum</span> <span class='ocrx_word' id='word_1_197' title='bbox 1336 3181 1478 3243; x_wconf 89' lang='lat' dir='ltr'>ordinati</span> <span class='ocrx_word' id='word_1_198' title='bbox 1509 3182 1641 3259; x_wconf 86' lang='lat' dir='ltr'>tuerint,</span> <span class='ocrx_word' id='word_1_199' title='bbox 1671 3182 1928 3260; x_wconf 88' lang='lat' dir='ltr'>inquiraturque</span> <span class='ocrx_word' id='word_1_200' title='bbox 1958 3184 2004 3243; x_wconf 90' lang='lat' dir='ltr'>de</span> 
     </span>
    </p>
   </div>
   <div class='ocr_carea' id='block_1_2' title="bbox 504 3299 2003 3397">
    <p class='ocr_par' dir='ltr' id='par_1_4' title="bbox 504 3299 2003 3397">
     <span class='ocr_line' id='line_1_21' title="bbox 504 3299 2003 3397; baseline 0.001 -19"><span class='ocrx_word' id='word_1_201' title='bbox 504 3314 587 3395; x_wconf 83' lang='lat' dir='ltr'>ipsis</span> <span class='ocrx_word' id='word_1_202' title='bbox 608 3318 731 3380; x_wconf 88' lang='lat' dir='ltr'>bonum</span> <span class='ocrx_word' id='word_1_203' title='bbox 754 3318 987 3395; x_wconf 88' lang='lat' dir='ltr'>testimonium,</span> <span class='ocrx_word' id='word_1_204' title='bbox 1010 3318 1233 3397; x_wconf 88' lang='lat' dir='ltr'>probeturque</span> <span class='ocrx_word' id='word_1_205' title='bbox 1252 3319 1343 3397; x_wconf 91' lang='lat' dir='ltr'>quod</span> <span class='ocrx_word' id='word_1_206' title='bbox 1364 3318 1544 3380; x_wconf 88' lang='lat' dir='ltr'>eorundem</span> <span class='ocrx_word' id='word_1_207' title='bbox 1565 3335 1668 3397; x_wconf 88' lang='lat' dir='ltr'>opera</span> <span class='ocrx_word' id='word_1_208' title='bbox 1686 3319 1769 3381; x_wconf 86' lang='lat' dir='ltr'>talia</span> <span class='ocrx_word' id='word_1_209' title='bbox 1788 3318 1857 3379; x_wconf 89' lang='lat' dir='ltr'>sint</span> <span class='ocrx_word' id='word_1_210' title='bbox 1877 3299 2003 3396; x_wconf 86' lang='lat' dir='ltr'>qualia</span> 
     </span>
    </p>
   </div>
   <div class='ocr_carea' id='block_1_3' title="bbox 503 3450 2010 4078">
    <p class='ocr_par' dir='ltr' id='par_1_5' title="bbox 505 3450 1267 3533">
     <span class='ocr_line' id='line_1_22' title="bbox 505 3450 1267 3533; baseline 0.001 -20"><span class='ocrx_word' id='word_1_211' title='bbox 505 3450 538 3513; x_wconf 90' lang='lat' dir='ltr'>in</span> <span class='ocrx_word' id='word_1_212' title='bbox 561 3452 687 3531; x_wconf 72' lang='lat' dir='ltr'>celeria,</span> <span class='ocrx_word' id='word_1_213' title='bbox 708 3452 764 3533; x_wconf 92' lang='lat' dir='ltr'>qui</span> <span class='ocrx_word' id='word_1_214' title='bbox 787 3452 894 3515; x_wconf 91' lang='lat' dir='ltr'>clerici</span> <span class='ocrx_word' id='word_1_215' title='bbox 917 3452 1012 3531; x_wconf 83' lang='lat' dir='ltr'>liunt,</span> <span class='ocrx_word' id='word_1_216' title='bbox 1034 3452 1267 3531; x_wconf 72' lang='lat' dir='ltr'>requiruntur,</span> 
     </span>
    </p>

    <p class='ocr_par' dir='ltr' id='par_1_6' title="bbox 503 3588 2010 4078">
     <span class='ocr_line' id='line_1_23' title="bbox 613 3588 2006 3669; baseline 0.001 -18"><span class='ocrx_word' id='word_1_217' title='bbox 613 3588 695 3651; x_wconf 75' lang='lat' dir='ltr'>XXV</span> <span class='ocrx_word' id='word_1_218' title='bbox 736 3590 783 3652; x_wconf 90' lang='lat' dir='ltr'>De</span> <span class='ocrx_word' id='word_1_219' title='bbox 806 3592 944 3669; x_wconf 86' lang='lat' dir='ltr'>puerulo</span> <span class='ocrx_word' id='word_1_220' title='bbox 966 3589 1061 3651; x_wconf 90' lang='lat' dir='ltr'>cuius</span> <span class='ocrx_word' id='word_1_221' title='bbox 1083 3604 1206 3667; x_wconf 87' lang='lat' dir='ltr'>parens</span> <span class='ocrx_word' id='word_1_222' title='bbox 1224 3590 1356 3650; x_wconf 89' lang='lat' dir='ltr'>turbam</span> <span class='ocrx_word' id='word_1_223' title='bbox 1377 3588 1535 3651; x_wconf 83' lang='lat' dir='ltr'>scindens</span> <span class='ocrx_word' id='word_1_224' title='bbox 1566 3590 1657 3651; x_wconf 88' lang='lat' dir='ltr'>illum</span> <span class='ocrx_word' id='word_1_225' title='bbox 1679 3592 1802 3652; x_wconf 87' lang='lat' dir='ltr'>tollens</span> <span class='ocrx_word' id='word_1_226' title='bbox 1831 3589 2006 3668; x_wconf 81' lang='lat' dir='ltr'>immergit</span> 
     </span>
     <span class='ocr_line' id='line_1_24' title="bbox 505 3724 2007 3805; baseline 0.003 -20"><span class='ocrx_word' id='word_1_227' title='bbox 505 3724 679 3805; x_wconf 87' lang='lat' dir='ltr'>inaquam</span> <span class='ocrx_word' id='word_1_228' title='bbox 714 3726 879 3805; x_wconf 85' lang='lat' dir='ltr'>baptismi,</span> <span class='ocrx_word' id='word_1_229' title='bbox 909 3727 1085 3804; x_wconf 88' lang='lat' dir='ltr'>antequam</span> <span class='ocrx_word' id='word_1_230' title='bbox 1118 3726 1193 3787; x_wconf 88' lang='lat' dir='ltr'>oleo</span> <span class='ocrx_word' id='word_1_231' title='bbox 1222 3726 1530 3788; x_wconf 85' lang='lat' dir='ltr'>catechumenorum</span> <span class='ocrx_word' id='word_1_232' title='bbox 1562 3726 1660 3788; x_wconf 86' lang='lat' dir='ltr'>luerit</span> <span class='ocrx_word' id='word_1_233' title='bbox 1690 3726 1775 3788; x_wconf 90' lang='lat' dir='ltr'>idem</span> <span class='ocrx_word' id='word_1_234' title='bbox 1809 3728 1933 3787; x_wconf 91' lang='lat' dir='ltr'>unctus</span> <span class='ocrx_word' id='word_1_235' title='bbox 1970 3730 2007 3789; x_wconf 87' lang='lat' dir='ltr'>et</span> 
     </span>
     <span class='ocr_line' id='line_1_25' title="bbox 504 3858 2007 3941; baseline 0.001 -18"><span class='ocrx_word' id='word_1_236' title='bbox 504 3858 585 3939; x_wconf 84' lang='lat' dir='ltr'>quin</span> <span class='ocrx_word' id='word_1_237' title='bbox 609 3860 766 3940; x_wconf 87' lang='lat' dir='ltr'>receperit</span> <span class='ocrx_word' id='word_1_238' title='bbox 787 3862 992 3941; x_wconf 87' lang='lat' dir='ltr'>signaculum</span> <span class='ocrx_word' id='word_1_239' title='bbox 1015 3860 1213 3937; x_wconf 64' lang='lat' dir='ltr'>chrismatis</span> <span class='ocrx_word' id='word_1_240' title='bbox 1230 3861 1379 3939; x_wconf 89' lang='lat' dir='ltr'>patribus</span> <span class='ocrx_word' id='word_1_241' title='bbox 1399 3860 1506 3923; x_wconf 86' lang='lat' dir='ltr'>visum</span> <span class='ocrx_word' id='word_1_242' title='bbox 1528 3865 1578 3924; x_wconf 89' lang='lat' dir='ltr'>est</span> <span class='ocrx_word' id='word_1_243' title='bbox 1600 3866 1635 3923; x_wconf 94' lang='lat' dir='ltr'>ut</span> <span class='ocrx_word' id='word_1_244' title='bbox 1657 3864 1749 3941; x_wconf 90' lang='lat' dir='ltr'>pater</span> <span class='ocrx_word' id='word_1_245' title='bbox 1769 3861 1905 3940; x_wconf 87' lang='lat' dir='ltr'>quidem</span> <span class='ocrx_word' id='word_1_246' title='bbox 1930 3865 2007 3940; x_wconf 90' lang='lat' dir='ltr'>ple-</span> 
     </span>
     <span class='ocr_line' id='line_1_26' title="bbox 503 3997 2010 4078; baseline 0.001 -19"><span class='ocrx_word' id='word_1_247' title='bbox 503 4000 609 4059; x_wconf 89' lang='lat' dir='ltr'>ctatur</span> <span class='ocrx_word' id='word_1_248' title='bbox 631 4013 738 4077; x_wconf 80' lang='lat' dir='ltr'>poena</span> <span class='ocrx_word' id='word_1_249' title='bbox 771 3998 991 4061; x_wconf 87' lang='lat' dir='ltr'>ecclesiastica</span> <span class='ocrx_word' id='word_1_250' title='bbox 1013 4014 1111 4077; x_wconf 90' lang='lat' dir='ltr'>quam</span> <span class='ocrx_word' id='word_1_251' title='bbox 1144 3997 1323 4075; x_wconf 89' lang='lat' dir='ltr'>episcopus</span> <span class='ocrx_word' id='word_1_252' title='bbox 1353 3998 1505 4060; x_wconf 87' lang='lat' dir='ltr'>decernet</span> <span class='ocrx_word' id='word_1_253' title='bbox 1525 3998 1589 4078; x_wconf 89' lang='lat' dir='ltr'>ipsi</span> <span class='ocrx_word' id='word_1_254' title='bbox 1621 3998 1797 4061; x_wconf 86' lang='lat' dir='ltr'>convenire</span> <span class='ocrx_word' id='word_1_255' title='bbox 1817 4001 1888 4059; x_wconf 90' lang='lat' dir='ltr'>tum</span> <span class='ocrx_word' id='word_1_256' title='bbox 1913 4001 1953 4060; x_wconf 90' lang='lat' dir='ltr'>ut</span> <span class='ocrx_word' id='word_1_257' title='bbox 1977 4000 2010 4061; x_wconf 88' lang='lat' dir='ltr'>is</span> 
     </span>
    </p>
   </div>
   <div class='ocr_carea' id='block_1_4' title="bbox 501 4133 2009 4215">
    <p class='ocr_par' dir='ltr' id='par_1_7' title="bbox 501 4133 2009 4215">
     <span class='ocr_line' id='line_1_27' title="bbox 501 4133 2009 4215; baseline 0.001 -18"><span class='ocrx_word' id='word_1_258' title='bbox 501 4134 621 4215; x_wconf 84' lang='lat' dir='ltr'>peccati</span> <span class='ocrx_word' id='word_1_259' title='bbox 658 4134 785 4197; x_wconf 86' lang='lat' dir='ltr'>veniam</span> <span class='ocrx_word' id='word_1_260' title='bbox 819 4136 974 4215; x_wconf 85' lang='lat' dir='ltr'>obtineat,</span> <span class='ocrx_word' id='word_1_261' title='bbox 1006 4136 1074 4199; x_wconf 90' lang='lat' dir='ltr'>tum</span> <span class='ocrx_word' id='word_1_262' title='bbox 1109 4150 1150 4197; x_wconf 85' lang='lat' dir='ltr'>ue</span> <span class='ocrx_word' id='word_1_263' title='bbox 1171 4133 1227 4195; x_wconf 85' lang='lat' dir='ltr'>alii</span> <span class='ocrx_word' id='word_1_264' title='bbox 1251 4133 1357 4212; x_wconf 76' lang='lat' dir='ltr'>ipsius</span> <span class='ocrx_word' id='word_1_265' title='bbox 1386 4135 1544 4198; x_wconf 88' lang='lat' dir='ltr'>audaciae</span> <span class='ocrx_word' id='word_1_266' title='bbox 1575 4136 1758 4213; x_wconf 87' lang='lat' dir='ltr'>exemplum</span> <span class='ocrx_word' id='word_1_267' title='bbox 1790 4138 2009 4213; x_wconf 88' lang='lat' dir='ltr'>sequantur.</span> 
     </span>
    </p>
   </div>
   <div class='ocr_carea' id='block_1_5' title="bbox 500 4438 2002 4643">
    <p class='ocr_par' dir='ltr' id='par_1_8' title="bbox 500 4438 2002 4643">
     <span class='ocr_line' id='line_1_28' title="bbox 534 4438 2002 4513; baseline -0.007 -8"><span class='ocrx_word' id='word_1_268' title='bbox 534 4448 578 4513; x_wconf 88' lang='lat' dir='ltr'>(l)</span> <span class='ocrx_word' id='word_1_269' title='bbox 600 4446 681 4503; x_wconf 91' lang='lat' dir='ltr'>lhid.</span> <span class='ocrx_word' id='word_1_270' title='bbox 702 4446 797 4503; x_wconf 85' lang='lat' dir='ltr'>Porro</span> <span class='ocrx_word' id='word_1_271' title='bbox 818 4442 1045 4513; x_wconf 83' lang='lat' dir='ltr'>Monophysitae</span> <span class='ocrx_word' id='word_1_272' title='bbox 1065 4442 1204 4497; x_wconf 91' lang='lat' dir='ltr'>auctores</span> <span class='ocrx_word' id='word_1_273' title='bbox 1225 4438 1349 4495; x_wconf 88' lang='lat' dir='ltr'>istarum</span> <span class='ocrx_word' id='word_1_274' title='bbox 1370 4438 1586 4494; x_wconf 88' lang='lat' dir='ltr'>resolutionum</span> <span class='ocrx_word' id='word_1_275' title='bbox 1606 4455 1639 4495; x_wconf 83' lang='lat' dir='ltr'>s,</span> <span class='ocrx_word' id='word_1_276' title='bbox 1658 4438 1775 4495; x_wconf 89' lang='lat' dir='ltr'>concilii</span> <span class='ocrx_word' id='word_1_277' title='bbox 1804 4443 2002 4500; x_wconf 67' lang='lat' dir='ltr'>oecumen&#39;ri</span> 
     </span>
     <span class='ocr_line' id='line_1_29' title="bbox 500 4565 1570 4643; baseline -0.013 -10"><span class='ocrx_word' id='word_1_278' title='bbox 500 4572 755 4633; x_wconf 82' lang='lat' dir='ltr'>Chalcedonensis</span> <span class='ocrx_word' id='word_1_279' title='bbox 775 4586 920 4643; x_wconf 82' lang='lat' dir='ltr'>sequaces</span> <span class='ocrx_word' id='word_1_280' title='bbox 941 4568 1069 4627; x_wconf 85' lang='lat' dir='ltr'>maxima</span> <span class='ocrx_word' id='word_1_281' title='bbox 1089 4566 1198 4623; x_wconf 86' lang='lat' dir='ltr'>iniuria</span> <span class='ocrx_word' id='word_1_282' title='bbox 1216 4566 1368 4635; x_wconf 89' lang='lat' dir='ltr'>appellant</span> <span class='ocrx_word' id='word_1_283' title='bbox 1387 4565 1570 4621; x_wconf 88' lang='lat' dir='ltr'>haereticos.</span> 
     </span>
    </p>
   </div>
   <div class='ocr_carea' id='block_1_6' title="bbox 536 4698 1076 4769">
    <p class='ocr_par' dir='ltr' id='par_1_9' title="bbox 536 4698 1076 4769">
     <span class='ocr_line' id='line_1_30' title="bbox 536 4698 1076 4769; baseline -0.02 -8"><span class='ocrx_word' id='word_1_284' title='bbox 536 4704 580 4769; x_wconf 89' lang='grc'>(2)</span> <span class='ocrx_word' id='word_1_285' title='bbox 601 4700 697 4759; x_wconf 84' lang='lat' dir='ltr'>Barh.</span> <span class='ocrx_word' id='word_1_286' title='bbox 719 4716 845 4758; x_wconf 81' lang='lat' dir='ltr'>uomoc.</span> <span class='ocrx_word' id='word_1_287' title='bbox 864 4716 900 4757; x_wconf 89' lang='lat' dir='ltr'>c.</span> <span class='ocrx_word' id='word_1_288' title='bbox 922 4698 943 4755; x_wconf 92' lang='lat' dir='ltr'>ll</span> <span class='ocrx_word' id='word_1_289' title='bbox 963 4699 1042 4753; x_wconf 90' lang='lat' dir='ltr'>sect.</span> <span class='ocrx_word' id='word_1_290' title='bbox 1067 4698 1076 4751; x_wconf 97' lang='lat' dir='ltr'>l</span> 
     </span>
    </p>
   </div>
   <div class='ocr_carea' id='block_1_7' title="bbox 0 0 2296 6309">
    <p class='ocr_par' dir='ltr' id='par_1_10' title="bbox 0 0 2296 6309">
     <span class='ocr_line' id='line_1_31' title="bbox 0 0 2296 6309; baseline 0 0"><span class='ocrx_word' id='word_1_291' title='bbox 0 0 2296 6309; x_wconf 95' lang='lat' dir='ltr'> </span> 
     </span>
    </p>
   </div>
  </div>
 </body>
</html>
