4584 6309
1138 608 1177 619 ..
1198 577 1238 638 44
1266 608 1303 619 -

477 700 582 765 laicus
603 704 795 769 cohibeatur
816 724 836 769 a
857 709 960 772 sacris
983 727 1040 788 per
1061 730 1170 776 annos
1191 713 1348 792 quinque,
1379 717 1411 777 et
1440 715 1559 779 deinde
1590 718 1632 780 ad
1665 718 1769 781 instar
1804 720 1965 782 laicorum

470 840 734 903 communionem
767 845 928 923 suscipiat
949 864 987 910 eo
1010 848 1065 910 diu
1089 850 1179 928 quod
1201 851 1379 930 episcopus
1409 852 1574 917 videdbir.
1597 854 1631 916 in
1654 860 1821 933 posterum
1852 860 1965 920 autem

467 974 641 1053 si-dignus
663 977 826 1041 videbitur
848 981 1004 1061 episcopo
1027 984 1084 1062 qui
1108 986 1291 1049 ministerio
1313 986 1477 1067 iungatur,
1499 989 1673 1069 fungatur.

470 1244 556 1307 cium
581 1245 768 1327 immolavit,
793 1254 889 1315 nobis
919 1255 1048 1319 videtur
1075 1258 1282 1322 subiicienda
1315 1262 1433 1323 canoni
1456 1262 1494 1325 xl
1516 1263 1634 1341 synodi
1658 1264 1740 1327 CCC

473 1381 529 1459 qui
552 1382 600 1445 sic
621 1386 734 1448 statuit
755 1388 799 1465 (l)
822 1390 915 1470 :“qui
940 1394 1152 1471 praevaricati
1176 1400 1254 1459 sunt
1276 1401 1404 1475 praeter
1436 1400 1662 1463 necessitatem
1684 1404 1742 1463 aut
1763 1403 1961 1465 ablationem

1797 1266 1806 1328 1
1830 1268 1959 1344 patrum

575 1110 651 1173 XLII
694 1113 811 1177 Mulier
833 1088 1006 1197 iila,'quae
1028 1138 1101 1185 sese
1123 1123 1164 1184 ad
1194 1124 1344 1187 ethnicos
1373 1124 1556 1203 conferens
1580 1144 1646 1189 una
1667 1146 1808 1366 cumff
1826 1130 1963 1191 sacrifi·

1784 1266 1794 1328 l

471 1533 606 1579 suarum
629 1522 901 1607 subsatntiarum,
924 1535 981 1593 aut
1004 1536 1132 1611 praeter
1154 1535 1346 1613 periculum,
1367 1539 1417 1599 vel
1439 1537 1538 1599 aliam
1566 1554 1768 1617 pressuram,
1790 1556 1875 1617 quae
1897 1540 1961 1601 sub

472 1654 634 1731 tyrannde
655 1657 768 1722 Licinii
791 1664 934 1745 contigit,
950 1671 1078 1747 synodo
1100 1672 1207 1733 visum
1231 1675 1289 1742 est.
1305 1673 1457 1751 quamvis
1480 1691 1546 1736 non
1563 1676 1632 1736 sint
1647 1674 1693 1736 iili
1718 1675 1837 1753 pietate
1858 1674 1958 1753 digni,

470 1791 579 1853 tamen
602 1810 675 1857 cum
699 1797 782 1875 ipsis
804 1801 1063 1867 benevolentiam
1086 1808 1306 1871 adhibendam
1322 1858 1328 1871 .
1344 1808 1470 1872 Omnes
1491 1809 1589 1891 igitur
1603 1811 1659 1890 qui
1677 1811 1808 1889 penitus
1831 1827 1959 1872 moven-

469 1925 523 1985 tur
555 1926 756 2005 poenitentia,
779 1946 836 2007 per
856 1933 924 1993 tres
944 1950 1052 1997 annos
1088 1936 1174 1999 inira
1209 1938 1383 2001 audientes
1415 1941 1571 2001 maneant
1592 1938 1619 2000 si
1644 1940 1799 2017 baptizati
1821 1941 1910 2016 sunt,
1930 1942 1961 2001 et

473 2078 530 2138 per
551 2065 674 2141 septem
697 2081 805 2129 annos
826 2083 898 2129 cum
929 2072 1175 2150 poenitentibus,
1196 2076 1227 2136 et
1248 2075 1334 2135 duos
1356 2092 1413 2153 per
1434 2092 1542 2138 annos
1572 2074 1816 2139 communicent
1837 2076 1959 2154 populo

470 2191 617 2268 ternpore
638 2194 825 2275 oblationis
848 2199 929 2277 quin
951 2202 1060 2263 tamen
1083 2204 1278 2280 accedant„
1300 2203 1479 2267 Sciendum
1503 2204 1613 2283 itaque
1634 2208 1683 2266 est
1706 2207 1781 2283 post
1802 2202 1959 2283 evangeiii

472 2317 643 2383 lectionem
665 2327 696 2387 et
718 2326 864 2390 litaniam
888 2330 1158 2393 consuetudinem
1181 2348 1256 2393 esse
1278 2349 1336 2410 per
1356 2333 1512 2395 ecclesias
1533 2332 1698 2395 civitatum
1722 2335 1757 2395 ut
1777 2332 1834 2395 frat
1855 2330 1959 2393 oratio

473 2462 532 2523 pro
554 2450 765 2521 audientibus
787 2460 818 2520 et
838 2460 917 2520 tunc
934 2458 1157 2538 dimittuntur,
1172 2463 1203 2521 et
1218 2460 1334 2522 exhinc
1356 2460 1518 2539 incipiunt
1540 2460 1637 2523 ritum
1661 2454 1891 2540 mysteriorum
1908 2456 1958 2535 (i.

471 2591 506 2636 ε.
530 2576 692 2657 liturgiam
713 2586 745 2661 J.
769 2588 802 2649 ln
826 2588 906 2651 urbe
927 2604 1005 2649 vero
1037 2588 1124 2667 regia
1155 2591 1234 2651 haec
1265 2588 1391 2652 obtinet
1421 2590 1636 2666 consuetudo,
1665 2606 1764 2667 quarn
1796 2588 1959 2651 credimus

470 2732 542 2778 esse
563 2736 696 2797 quoque
717 2719 855 2781 aliarum
878 2718 1007 2779 urbium
1031 2718 1064 2779 in
1086 2718 1263 2792 occidente,
1284 2718 1442 2797 videlicet,
1465 2720 1499 2779 ut
1519 2721 1588 2780 turn
1612 2718 1644 2779 in
1667 2717 1775 2779 officio
1798 2716 1956 2779 matutino

466 2845 535 2906 tum
559 2846 591 2909 in
614 2848 801 2927 vespertino
822 2862 938 2909 versus
959 2847 1057 2908 tinem
1079 2846 1136 2909 frat
1157 2845 1263 2908 oratio
1286 2863 1345 2925 pro
1367 2845 1579 2908 audientibus
1593 2849 1624 2908 et
1646 2844 1864 2922 dimittuntur,
1882 2844 1955 2906 dein

466 2974 501 3034 ut
521 2974 577 3037 fiat
598 2978 703 3039 oratio
726 2995 785 3057 pro
817 2978 1053 3057 poenitentibus
1075 2978 1105 3039 et
1127 2976 1354 3038 dimittuntur.
1376 2974 1495 3036 Eadem
1530 2990 1629 3052 porro
1664 2974 1721 3035 illa
1742 2972 1847 3034 oratio
1868 2971 1905 3032 nt
1925 2971 1956 3032 in

465 3109 647 3177 ministerio
670 3116 897 3195 mysteriorum
915 3116 945 3177 et
960 3114 1170 3176 dimittuntur
1192 3116 1267 3192 post
1289 3111 1447 3191 evangelii
1471 3111 1642 3173 lectionem
1658 3110 1719 3183 (2).
1735 3110 1954 3183 Quamobrem

465 3254 598 3305 necesse
619 3246 668 3305 est
692 3246 724 3306 ut
747 3244 868 3307 misera
891 3246 947 3307 illa
970 3245 1150 3305 memorata
1173 3242 1290 3303 mulier
1311 3242 1448 3304 assidua
1463 3240 1507 3301 sit
1522 3238 1629 3301 officio
1652 3237 1808 3300 ecclesiae
1828 3252 1955 3314 vesper-

462 3368 532 3429 tino
555 3374 584 3433 et
607 3374 776 3451 matutino,
800 3373 928 3435 lectioni
952 3391 1004 3436 ss.
1027 3338 1393 3449 scripturarumque
1414 3368 1619 3445 temporibus
1642 3365 1794 3427 indicatis
1816 3380 1876 3442 pro
1899 3363 1953 3425 itia

463 3498 569 3561 oratio
591 3502 635 3580 nt,
658 3508 688 3565 et
710 3502 818 3565 statim
852 3502 1041 3581 dimittitur,
1065 3503 1158 3581 prius
1181 3518 1238 3579 per
1269 3501 1354 3563 duos
1386 3514 1503 3573 annos
1536 3496 1610 3558 dein
1635 3511 1692 3574 ρετ
1713 3493 1797 3555 alios
1827 3495 1951 3570 septem

462 3638 581 3705 annoS,
603 3649 689 3709 quos
710 3633 889 3711 transigere
912 3632 1005 3693 debet
1022 3632 1055 3693 in
1071 3632 1187 3693 ordine
1211 3627 1437 3709 poenitentium
1455 3628 1486 3687 et
1499 3624 1573 3686 furis
1594 3623 1798 3701 temporibus
1820 3622 1951 3684 dimtta-

460 3758 523 3835 tur,
546 3761 719 3838 postquam
742 3762 826 3824 iacta
847 3761 944 3823 fuerit
965 3778 1025 3838 pro
1047 3778 1086 3823 ea
1106 3759 1211 3822 oratio
1234 3756 1481 3837 poenitentium.
1504 3756 1666 3834 Deinceps
1696 3755 1791 3817 debet
1818 3752 1951 3815 assidue

462 3984 841 4002 -fl———u-n

493 4147 537 4212 (1)
557 4146 638 4204 Pitra
658 4163 693 4218 p.
713 4152 782 4207 431.
803 4151 885 4207 iuvat
904 4154 1007 4209 notare
1027 4152 1104 4208 hunc
1123 4166 1267 4208 canonem
1291 4152 1319 4206 ll
1341 4164 1414 4220 syn.
1434 4146 1555 4203 Nicoeni
1576 4145 1747 4201 accuratius
1767 4144 1896 4201 exhiberi
1919 4145 1948 4200 in

457 4274 595 4331 versione
615 4279 718 4333 nostra
737 4278 854 4349 syriaca
875 4296 963 4350 quam
984 4280 1013 4335 in
1032 4282 1112 4337 textu
1132 4294 1240 4351 graeco
1259 4292 1409 4334 canonum
1429 4274 1646 4331 Nicoenorum.

494 4404 533 4475 (2)
553 4402 605 4460 Cf.
626 4403 707 4462 Can.
731 4408 761 4463 19
780 4423 870 4465 conc.
890 4408 988 4466 Laod.
1009 4412 1020 4475 t
1039 4408 1120 4465 Pitra
1139 4410 1192 4465 497
1212 4410 1241 4473 ).
1262 4407 1357 4462 Porro
1385 4404 1494 4458 habent
1519 4402 1649 4459 studiosi
1670 4416 1766 4459 rerum
1786 4403 1948 4474 liturgica·

456 4544 519 4587 rum
540 4532 708 4602 descriptos
727 4530 774 4587 nic
794 4529 869 4585 ritus
888 4529 1097 4599 adimplendos
1117 4544 1208 4598 super
1226 4526 1380 4584 audientes
1400 4526 1489 4593 atque
1509 4522 1694 4593 prenitentes,
1716 4520 1845 4578 indicata
1864 4522 1950 4578 diffe-

456 4652 550 4708 rentia
571 4670 643 4709 usus
664 4656 854 4712 ecclesiarum
876 4655 975 4725 quoad
995 4654 1069 4709 hoc.

1757 4750 1770 4780 0
