4584 6309
1044 688 1081 699 -
1103 657 1123 717 9
1144 657 1182 700 .·.

373 794 542 873 provincia
564 810 642 874 pars
666 793 777 873 populi
801 794 832 857 et
851 808 966 873 graece
987 796 1018 855 et
1039 793 1149 855 siriste
1170 792 1183 869 (
1203 792 1233 855 i.
1255 809 1291 855 e.
1313 792 1472 872 syriace)
1495 794 1594 872 novit,
1617 812 1694 873 pars
1715 795 1781 857 alia
1803 810 1861 873 per

371 946 407 993 se
436 946 560 1009 graece,
595 931 708 1009 aliqua
738 930 838 993 etiam
876 914 953 1007 pars
986 932 1113 991 tantum
1150 928 1270 1008 syriste
1291 932 1377 1007 etc,.
1400 929 1499 1007 (vid.
1520 930 1607 993 Edit.
1628 930 1859 994 adamussim

371 1084 448 1145 pag.
471 1068 557 1144 lo).
580 1067 700 1130 Eadem
723 1067 792 1129 erat
813 1069 845 1128 et
866 1064 1047 1129 incolarum
1082 1065 1197 1145 Syriae
1228 1066 1393 1130 conditio.

475 1206 513 1266 5.
545 1204 752 1283 Biograpbus
785 1220 926 1266 coaevus
946 1220 981 1265 s.
1004 1203 1174 1270 Rabbulae
1194 1202 1251 1281 qui
1275 1204 1397 1267 natalia
1419 1206 1494 1282 post
1518 1204 1660 1266 medium
1693 1205 1859 1266 saeculum

368 1338 522 1416 quartum
538 1338 677 1401 sortitus
698 1337 796 1399 estin
818 1337 1002 1401 Cennesrin
1018 1356 1038 1401 a
1054 1340 1145 1415 patre
1167 1336 1298 1401 ethnico
1319 1337 1433 1401 scribit
1454 1336 1568 1413 (l).“Et
1589 1354 1662 1399 cum
1686 1337 1866 1399 adoleverit

368 1474 381 1548 (
408 1472 577 1541 Rabbulas
598 1476 631 1551 l,
653 1474 790 1536 edoctus
810 1473 872 1537 mit
906 1474 1030 1537 litteras
1064 1490 1208 1553 graecae,
1245 1476 1357 1552 utpote
1390 1474 1448 1553 qui
1483 1476 1571 1537 esset
1599 1473 1689 1537 tilius
1723 1465 1862 1537 divitum

368 1613 624 1689 magnatumque
646 1609 739 1672 urbis
760 1609 963 1687 Cennesrin,
987 1610 1000 1687 (
1020 1611 1093 1673 vid.
1116 1608 1285 1673 Overbeclc
1305 1616 1341 1672 s.
1363 1610 1537 1689 Ephraemi
1560 1612 1590 1673 et
1612 1609 1781 1677 Rabbulae
1809 1614 1860 1673 etc

365 1762 425 1825 op.
448 1748 569 1809 selecta
591 1763 621 1825 p.
648 1748 703 1809 160
723 1747 755 1821 ).

469 1883 506 1943 6.
529 1882 601 1960 lpse
631 1900 668 1945 s.
701 1883 869 1950 Rabbulas
901 1884 957 1961 qui
999 1886 1111 1961 postea
1147 1900 1210 1945 an.
1245 1884 1307 1944 412
1332 1880 1551 1945 'consecratus
1583 1882 1644 1945 luit
1682 1882 1859 1961 episcopus

360 2019 512 2095 Edessae,
535 2018 567 2079 ln
590 2018 747 2081 concione
775 2038 875 2099 quam
899 2019 1014 2083 habuit
1036 2020 1072 2081 in
1093 2018 1231 2081 ecclesia
1262 2018 1471 2097 patriarchali
1495 2020 1527 2081 in
1551 2020 1632 2081 urbe
1654 2020 1858 2083 Constanti-

364 2154 477 2232 nopoli
510 2158 641 2219 excusat
662 2173 755 2218 suam
780 2156 1008 2235 inelegantiam
1033 2157 1066 2219 in
1088 2172 1207 2235 graeco
1236 2172 1390 2217 sermone
1413 2156 1503 2217 bisce
1524 2155 1635 2219 verbis
1657 2156 1702 2231 (2)
1723 2174 1731 2217 :
1758 2156 1856 2219 “Sum

364 2291 540 2369 rusticus(
561 2294 588 2355 i.
611 2310 645 2355 e.
669 2292 813 2355 incultus
833 2294 846 2368 l
868 2298 899 2355 et
920 2310 992 2355 cum
1017 2293 1150 2358 rusticis
1169 2292 1303 2355 vivens.
1326 2293 1496 2373 Siquidem
1520 2309 1583 2355 nos
1604 2294 1635 2355 et
1657 2294 1852 2371 plerumque

362 2428 488 2507 syriace
510 2428 694 2509 loquimur„
719 2430 730 2505 (
752 2430 839 2492 ibid.
863 2447 901 2508 p.
923 2430 983 2491 240
1004 2430 1035 2505 ).
1058 2429 1122 2505 (3).

451 2566 487 2628 'l.
509 2565 660 2629 Coaevus
681 2568 795 2628 auctor
815 2568 900 2630 vitae
922 2584 957 2629 S.
980 2566 1146 2629 Simeonis
1169 2566 1299 2645 stylitae
1320 2567 1367 2643 (Τ
1387 2567 1480 2643 459)
1503 2566 1627 2643 releret,
1641 2583 1715 2627 cum
1738 2565 1855 2627 incolae

400 2845 444 2911 (¹)
464 2854 602 2931 eum
622 2832 838 2939 ,oomni
860 2822 959 2903 bisi
983 2828 1088 2901 lab&
1112 2854 1158 2901 a>
1177 2819 1245 2935 γαί
1264 2805 1377 2909 ΗΜ
1399 2827 1534 2904 nam
1554 2821 1654 2914 nrt(
1673 2818 1733 2904 bl
1756 2850 1823 2914 ,οο

376 2976 420 3039 (2)
442 2992 491 3033 00»
518 2958 675 3039 &Lim
694 2956 749 3046 ol
767 2956 938 3055 liseur
959 2952 1025 3069 γι(
1046 2987 1118 3053 ἢ
1139 2952 1370 3057 gas-laiso
1389 2982 1452 3058 px
1476 2941 1583 3034 crixo
1604 2955 1728 3035 luiso
1749 2960 1856 3055 lus

389 3236 420 3297 (3
453 3232 640 3303 Quamquam
670 3235 750 3303 baec,
771 3231 949 3287 humilitatis
978 3230 1080 3301 potius
1100 3245 1201 3299 causa,
1221 3247 1257 3285 s.
1276 3230 1428 3289 Rabbulas
1449 3231 1535 3287 initio
1555 3234 1704 3289 sermonis
1724 3234 1847 3301 diceret,

354 3361 548 3418 nihilominus
579 3361 675 3431 ipsum
705 3360 818 3430 optime
846 3359 943 3415 dicere
975 3360 1004 3414 et
1022 3358 1154 3413 scribere
1181 3374 1286 3430 graece
1315 3359 1416 3414 studio
1445 3358 1588 3416 didicisse
1613 3336 1753 3417 constat.
1773 3362 1848 3417 Post

354 3489 433 3545 enim
454 3488 596 3543 nonnulla
615 3487 644 3543 in
664 3489 768 3543 eodem
788 3502 928 3543 sermone
947 3486 1050 3543 subdit
1066 3474 1205 3575 (angio).
1228 3464 1338 3547 ολῦ
1354 3466 1477 3573 tupris?
1500 3466 1576 3565 Ιμᾶ
1596 3483 1640 3574 ὲ.
1661 3474 1719 3561 Μ
1736 3472 1845 3574 Qu

356 3634 406 3678 θα
427 3594 476 3678 00⁸0
497 3610 697 3713 &Alis-³
720 3599 858 3701 Ιίθδκὲ
881 3606 1013 3691 [.pr
1034 3628 1118 3701 >09⁹
1143 3596 1192 3679 ool
1217 3600 1260 3691 υ(
1280 3659 1290 3677 .
1311 3610 1465 3682 „oium
1490 3642 1618 3705 <opero
1641 3602 1847 3683 ..ααιῶὧο

354 3789 364 3807 .
388 3736 491 3823 ΙολΧῐ
511 3748 620 3814 oen&
641 3732 758 3835 ..mg
783 3730 822 3817 ll?
844 3760 914 3834 <t-
935 3744 1080 3833 (Quo
1096 3747 1177 3805 “Non
1196 3752 1243 3805 est
1261 3750 1338 3805 enim
1360 3751 1448 3807 nobis
1470 3767 1536 3807 mos
1551 3754 1582 3807 ut
1600 3755 1688 3809 antea
1709 3756 1844 3811 nostrum

354 3896 522 3937 sermonem
555 3880 677 3951 scriptis
709 3879 889 3949 consignare
920 3866 1068 3948 curemus,
1089 3880 1120 3935 ut
1140 3878 1223 3934 illum
1257 3878 1417 3935 memoriae
1437 3882 1622 3951 mandemus,
1642 3884 1671 3937 et
1689 3883 1793 3938 exhinc
1814 3883 1844 3938 in

353 4006 502 4072 publicum
523 4006 709 4077 proteramus
728 4024 734 4062 :
754 4008 807 4061 sed
829 4006 900 4061 illud
921 4007 1000 4077 quod
1021 4010 1033 4075 <
1053 4006 1154 4063 divina
1175 4010 1185 4071 2
1206 4006 1303 4077 gratia
1323 4006 1352 4061 in
1373 4009 1477 4064 nostra
1496 4011 1592 4063 mente
1611 4008 1716 4080 gignit,
1737 4010 1766 4065 id
1787 4009 1840 4065 im·

352 4135 446 4201 parati
467 4135 618 4205 loquimur
637 4136 748 4205 populo
768 4132 838 4203 Del„
860 4134 965 4199 (ibid.
987 4149 1063 4205 pag.
1082 4138 1136 4191 243
1151 4139 1154 4144 “
1172 4178 1178 4190 .
1198 4132 1297 4203 lpsius
1317 4134 1440 4205 insuper
1458 4135 1643 4205 biographus
1663 4152 1842 4193 commemo·

350 4260 395 4315 rat
414 4262 583 4329 praeclaras
602 4262 685 4319 XLVI
705 4262 850 4333 epistolas
870 4260 981 4317 dende
1001 4278 1106 4332 graece
1126 4264 1164 4317 ab
1184 4264 1287 4317 eodem
1308 4260 1438 4330 scriptas
1458 4265 1470 4328 (
1491 4263 1571 4319 ibid.
1592 4279 1627 4333 p.
1647 4267 1700 4320 200
1715 4268 1744 4333 3,
1765 4281 1843 4336 quas

351 4404 384 4443 s,
404 4386 533 4459 Cyrillus
553 4389 769 4445 Alexandrinus
790 4389 930 4444 laudibus
950 4392 1128 4459 prosecutus
1149 4391 1194 4445 est
1235 4392 1247 4454 (
1268 4389 1344 4445 ibid.
1363 4392 1416 4445 229
1436 4393 1466 4452 i.
1484 4390 1617 4447 Tandem
1638 4393 1703 4447 eius
1722 4408 1843 4449 accura-

350 4520 411 4573 tam
425 4533 547 4589 graecae
561 4519 679 4590 linguae
698 4518 898 4590 cognitionem
919 4520 1106 4575 demonstrat
1125 4519 1163 4575 ab
1183 4519 1286 4573 eodem
1307 4519 1462 4574 elaborata
1481 4519 1580 4574 versio
1600 4520 1723 4590 Syriaca
1743 4522 1783 4578 N.
1803 4523 1841 4580 T.

352 4650 363 4714 (
385 4647 464 4703 ibid.
488 4648 535 4705 172
550 4652 569 4713 l.
589 4648 682 4705 Porro
703 4649 782 4718 quod
803 4646 931 4702 diximus
951 4648 987 4703 de
1007 4664 1040 4703 s.
1059 4646 1195 4706 Rabbula
1208 4647 1364 4703 dicendum
1385 4648 1432 4702 est
1444 4648 1480 4702 de
1494 4649 1709 4705 celebrioribus
1729 4652 1842 4707 eccles·

353 4776 399 4831 iae
419 4775 555 4846 pristinis
575 4776 781 4847 scriptoribus
801 4776 851 4847 qui
871 4791 937 4831 cum
959 4775 1078 4831 natione
1098 4777 1127 4831 et
1146 4774 1248 4846 lingua
1266 4775 1328 4846 syri
1348 4778 1457 4845 essent,
1479 4790 1584 4847 graece
1603 4776 1805 4847 scripserunt.
