4584 6309
1155 607 1192 616 -
1213 574 1254 635 45
1275 606 1313 617 ..

995 837 1109 901 Oratio
1130 855 1232 917 super
1254 839 1480 918 prenitentes:

605 1096 694 1159 Deus
715 1095 770 1174 qui
801 1094 853 1157 his
887 1093 1021 1156 famulis
1055 1094 1123 1158 tuis
1154 1111 1290 1157 sensum
1324 1096 1355 1157 et
1388 1092 1636 1171 intelligentiam
1670 1093 1832 1173 elargitis
1863 1097 1899 1157 ut
1927 1095 1986 1157 tibi

497 1234 730 1312 complaceant,
753 1234 784 1294 et
804 1234 1004 1310 cognoscant
1026 1248 1088 1293 sua
1109 1232 1236 1309 delicta,
1258 1235 1289 1294 et
1311 1230 1537 1310 poenitentiam
1560 1232 1670 1308 agant,
1702 1232 1803 1309 atque
1825 1248 1933 1293 coram
1954 1235 1986 1294 te

500 1372 735 1451 procumbant.
757 1370 847 1432 Deus
868 1368 924 1448 qui
948 1370 1040 1431 solus
1062 1386 1098 1431 es
1120 1370 1229 1431 bonus
1244 1376 1275 1431 et
1289 1369 1361 1432 sine
1383 1370 1525 1445 peccato,
1546 1369 1581 1429 tu
1605 1367 1746 1446 benigne
1761 1370 1793 1430 et
1807 1367 1988 1431 misericor-

499 1510 582 1572 diter
603 1510 767 1586 acceptam
785 1508 868 1569 habe
883 1522 995 1569 eorum
1019 1506 1244 1584 poenitentiam
1261 1508 1292 1567 et
1305 1504 1556 1581 contessionem,
1572 1507 1671 1583 atque
1692 1505 1899 1567 condonator
1919 1509 1989 1569 esto

499 1645 633 1709 famulis
653 1644 737 1707 tuiS.
753 1643 903 1706 Concede
920 1642 984 1703 illis
998 1641 1145 1720 gratiam,
1169 1642 1427 1721 intelligentiam,
1441 1644 1473 1703 et
1486 1642 1638 1704 virtutem
1661 1641 1793 1720 penitus
1814 1642 1988 1721 effugiendi

502 1786 669 1861 peccatum
692 1784 789 1860 atque
811 1779 983 1859 imperium
1007 1777 1198 1840 rebellionis
1219 1779 1352 1856 diaboli,
1368 1782 1403 1841 ut
1424 1779 1602 1857 operentur
1624 1795 1755 1841 omnem
1780 1778 1937 1841 iustitiam
1959 1795 1991 1841 er

502 1918 586 1981 inter
607 1918 717 1980 divum
740 1918 858 1979 coetum
874 1917 1005 1977 tuorum
1028 1915 1217 1976 sanctorum
1234 1917 1477 1991 enumerentur,
1499 1917 1597 1993 atque
1613 1914 1703 1993 digni
1725 1914 1806 1977 fiant
1829 1916 1990 1977 bonorum

504 2052 799 2135 incorruptibilium
817 2055 847 2115 et
862 2024 1136 2129 sempiternorum
1154 2051 1336 2129 pertesum
1359 2050 1526 2114 Christum
1549 2069 1661 2114 verum
1685 2052 1865 2131 principem
1888 2070 1991 2116 sacer·

504 2195 616 2258 dotum
639 2193 669 2253 et
692 2188 871 2269 principem
894 2190 925 2249 et
947 2190 1114 2265 pastorum
1138 2188 1170 2247 et
1190 2185 1375 2248 animarum
1399 2189 1585 2250 nostrarum
1609 2187 1808 2267 antistitem,
1830 2206 1904 2251 cum
1927 2206 1991 2268 quo

502 2328 560 2392 tibi
583 2328 675 2391 decet
695 2328 769 2389 laus
792 2375 798 2388 .
821 2374 827 2387 .
850 2324 894 2401 (l)

608 2464 697 2526 XLill
739 2462 836 2537 Quod
858 2462 973 2523 attinet
993 2461 1034 2523 ad
1056 2460 1175 2524 iratres
1197 2476 1337 2538 quorum
1360 2461 1548 2525 sacerdotes
1570 2463 1649 2523 sunt
1670 2461 1821 2523 haeretici
1846 2461 1995 2523 Iulianis-

503 2604 564 2680 tae,
586 2602 749 2681 aquibus
782 2598 845 2677 ipsi
879 2616 952 2661 sese
986 2597 1201 2660 seiunxerunt
1233 2613 1339 2675 neque
1361 2596 1402 2659 iis
1434 2597 1689 2675 communicant,
1721 2597 1890 2677 quoniam,
1921 2614 1993 2660 cum

505 2739 696 2801 accedentes
716 2736 758 2797 ad
781 2737 899 2797 rectam
921 2734 1029 2811 tidem,
1052 2732 1204 2810 petierint
1218 2734 1262 2795 ut
1283 2733 1523 2810 permitteretur
1544 2732 1607 2794 sibi
1630 2750 1703 2795 curn
1727 2733 1795 2797 illis
1817 2735 1992 2813 psalmod-

507 2877 570 2939 iam
593 2860 776 2950 conciuere,
798 2872 963 2950 simulque
984 2886 1056 2931 cum
1080 2871 1128 2933 eis
1150 2871 1320 2933 comedere
1335 2868 1368 2930 in
1386 2886 1500 2931 mensa
1520 2872 1697 2950 communi,
1719 2874 1848 2950 oportet
1871 2874 1906 2934 ut
1920 2889 1991 2935 curn

507 3011 549 3073 iis
572 3010 775 3089 indulgentia
796 3008 999 3085 adhibeatur,
1015 3008 1158 3086 itemque
1180 3010 1215 3069 ut
1237 3006 1490 3069 misericorditer
1510 3010 1635 3087 agatur,
1657 3012 1727 3071 tum
1751 3012 1787 3071 ut
1807 3010 1997 3072 sacerdotes
2108 3003 2109 3058 l

510 3150 668 3228 ipsorum,
700 3146 883 3225 opitulante
905 3146 982 3223 De0,
1005 3146 1235 3207 erubescentes
1265 3142 1348 3207 torte
1371 3147 1575 3207 revertantur
1595 3146 1636 3207 ad
1660 3148 1780 3208 rectam
1802 3146 1910 3225 tidem,
1931 3151 1997 3209 tum

509 3304 549 3349 ne
571 3286 702 3364 ipsimet
721 3283 839 3347 iratres
861 3281 949 3345 haud
971 3282 1173 3346 sustinentes
1194 3285 1317 3344 tantam
1340 3282 1630 3359 scrupulositatem
1664 3299 1782 3345 rursus
1804 3282 1837 3344 in
1861 3285 1999 3349 haeres.

509 3441 566 3486 eos
586 3422 712 3484 foveam
745 3421 953 3483 relabantur.
976 3416 1113 3495 Oportet
1143 3419 1252 3480 autem
1284 3418 1319 3478 ut
1339 3419 1440 3479 testes
1472 3418 1535 3479 fide
1557 3417 1657 3495 digni,
1679 3419 1735 3495 qui
1759 3419 1792 3481 in
1825 3420 1939 3483 eodem
1960 3438 1998 3483 ac

511 3562 573 3641 ipsi
595 3560 718 3641 oppido
739 3558 922 3633 versantur,
945 3554 1110 3617 declarent
1131 3572 1189 3617 eos
1212 3552 1345 3615 minime
1366 3570 1439 3615 cum
1462 3554 1690 3616 sacerdotibus
1712 3554 1779 3617 illis
1799 3556 1997 3619 eucharisti-

512 3714 582 3759 cam
605 3694 869 3759 communionem
892 3708 1039 3754 sumere.

619 3832 710 3895 XLIV
752 3830 847 3905 Quod
880 3830 920 3891 ad
943 3844 1075 3891 sorores
1106 3826 1181 3889 illas
1202 3828 1327 3904 spectat
1347 3843 1432 3905 quae
1453 3828 1698 3903 compelluntur
1719 3829 1755 3889 ut
1776 3827 2001 3907 ingrediantur

515 3969 752 4031 haereticorum
784 3964 963 4041 ecclesiam,
985 3966 1021 4026 ut
1043 3963 1085 4025 ibi
1108 3965 1229 4025 canant
1251 3964 1295 4038 (2)
1318 3964 1459 4041 hymnos
1488 3962 1681 4025 madrasche
1703 3950 1901 4058 (him),
1924 3966 2002 4045 quin

555 4295 598 4371 (1)
619 4296 649 4352 ln
669 4296 771 4353 codice
784 4295 860 4368 Syr.
879 4294 1024 4351 Vaticano
1050 4292 1121 4349 LVlt
1146 4293 1193 4350 cui
1208 4294 1312 4351 titulus
1327 4278 1455 4382 (φὴ
1475 4274 1666 4376 &Rari
1687 4275 1812 4383 lna-g
1832 4297 2006 4355 exhibentur

521 4440 587 4482 cum
608 4424 760 4481 nonnullis
779 4422 973 4491 variantibus,
993 4420 1080 4477 binae
1099 4422 1253 4479 orationes
1271 4440 1363 4494 super
1381 4424 1535 4481 audientes
1555 4427 1584 4481 et
1604 4439 1695 4494 super
1715 4426 1920 4496 poenitentes.

555 4554 600 4617 (2)
620 4552 650 4608 ln
670 4552 783 4609 vitas.
802 4546 1194 4620 Ephraemilegituripsum
1217 4552 1359 4609 docuisse
1375 4551 1456 4608 filias
1469 4551 1599 4611 foederis
1619 4554 1746 4625 hymnos
1766 4555 1864 4613 dictos
1884 4556 2007 4613 madra-

519 4680 599 4749 sche,
619 4695 695 4751 quos
711 4680 739 4737 in
753 4679 889 4737 ecclesiis
909 4678 1073 4734 recitabant
1085 4679 1155 4733 ante
1174 4676 1317 4751 officium,
1338 4696 1389 4737 nec
1405 4680 1508 4737 nonin
1528 4682 1680 4753 martyriis
1693 4686 1782 4755 atque
1802 4683 1831 4738 in
1851 4682 2002 4741 funeribus
