4584 6309
1028 637 1064 649 -
1086 606 1127 667 43
1153 635 1226 657 -.

361 744 595 821 suspendatur,
616 744 721 806 donec
755 744 918 823 spondeat
938 758 974 805 se
1011 756 1077 805 non
1113 744 1258 821 amptius
1278 738 1311 803 id
1342 734 1522 805 iacturum.
1543 738 1709 822 Similiter,
1742 746 1773 810 si
1801 752 1853 811 est

359 882 462 957 pater
475 882 525 942 vel
544 882 656 959 taicuS,
677 899 697 943 a
717 882 950 943 communione
971 880 1182 943 cohibeatur.
1202 878 1366 941 Sacerdos
1387 878 1525 957 insuper
1544 897 1704 944 canonem
1725 886 1853 963 subeat,

360 1032 459 1093 quem
482 1018 660 1097 episcopus
682 1018 851 1080 decernet.

466 1152 613 1215 XXXVltt
654 1154 688 1217 Si
711 1154 788 1234 quis
818 1156 989 1233 presbyter
1009 1153 1058 1215 vel
1082 1152 1244 1214 diaconus
1273 1154 1377 1214 semet
1397 1108 1447 1213 uei
1470 1152 1556 1214 alios
1576 1152 1693 1217 tideles
1713 1173 1852 1219 excom·

360 1288 531 1351 municant
562 1292 612 1352 vel
644 1291 852 1369 interdicunt,
883 1294 914 1353 et
946 1290 1102 1367 deinceps
1132 1288 1453 1350 excommunicantes
1484 1288 1547 1366 ipsi
1570 1298 1602 1352 et
1623 1290 1854 1355 interdicentes

357 1425 538 1488 adhaerent
567 1427 750 1505 haereticis
771 1431 900 1507 oportet
921 1431 956 1492 ut
977 1440 1077 1489 causa
1098 1426 1171 1487 eins
1191 1425 1249 1503 qui
1271 1426 1306 1487 nt
1326 1424 1629 1487 excommunicatus
1649 1428 1690 1489 ad
1714 1427 1852 1505 episco-

361 1576 440 1636 pum
462 1562 636 1639 deteratur,
657 1566 689 1626 et
710 1563 765 1625 ubi
787 1562 905 1624 viderit
927 1560 1134 1623 interdictum
1158 1562 1220 1624 rite
1240 1562 1345 1624 tuisse
1366 1561 1524 1623 inflictum
1546 1562 1685 1624 eandem
1707 1568 1852 1625 senten-

359 1697 440 1758 tiam
462 1699 642 1777 confirmet,
664 1701 803 1778 proinde
824 1717 863 1761 ac
883 1699 911 1760 si
935 1698 1005 1776 ipse
1027 1699 1117 1760 illam
1140 1698 1322 1776 protulerit,
1338 1716 1405 1760 non
1427 1700 1537 1760 autem
1560 1697 1656 1777 quasi
1679 1700 1793 1762 eadem
1809 1703 1853 1761 ab

360 1832 420 1894 illo
441 1835 497 1913 qui
521 1836 702 1899 haereticos
722 1840 856 1899 secutus
871 1838 921 1897 est
936 1838 1002 1895 lata
1017 1833 1123 1895 tuerit.
1140 1835 1204 1909 Qui
1220 1834 1308 1895 enim
1324 1835 1451 1897 haeresi
1467 1835 1618 1897 adhaesit
1632 1836 1854 1897 excommuni-

357 1970 521 2032 cationem
551 1972 622 2050 ipse
644 1973 790 2049 incurrit,
812 1990 872 2035 nec
894 1971 1032 2049 proinde
1063 1974 1182 2048 potens
1203 1974 1253 2033 est
1274 1971 1375 2049 ligare
1395 1974 1453 2032 aut
1473 1973 1621 2033 solvere.
1643 1971 1679 2034 Si
1701 1976 1856 2034 econtra

360 2107 470 2168 visum
506 2107 603 2171 tuerit
637 2109 796 2189 episcopo
831 2108 1037 2171 interdictum
1074 2106 1177 2168 tuisse
1211 2107 1375 2169 immerito
1410 2106 1578 2184 inflictum,
1611 2110 1742 2169 tenetur
1775 2108 1857 2171 ittud

359 2245 471 2305 statim
494 2250 525 2305 et
546 2245 618 2307 sine
639 2245 848 2307 cunctatione
868 2244 1070 2304 dissoivere.

471 2380 591 2442 XXXIX
630 2381 665 2443 Si
702 2382 779 2460 quis
812 2382 916 2441 semet
950 2378 1209 2441 excommunicat
1243 2380 1293 2440 vet
1330 2379 1504 2455 interdicit,
1540 2379 1654 2457 nequit
1675 2380 1704 2441 is
1726 2396 1785 2457 per
1818 2398 1855 2443 se

360 2516 535 2579 absolvere
549 2518 759 2596 semetipsum
776 2518 834 2579 sed
849 2516 921 2577 eius
935 2532 1036 2576 causa
1050 2514 1216 2577 deteratur
1229 2517 1271 2577 ad
1286 2515 1477 2593 episcopum
1503 2516 1560 2594 qui
1585 2516 1738 2593 inprimis
1759 2516 1852 2578 ilium

361 2652 594 2715 criminabitur
609 2658 641 2716 et
655 2656 872 2733 reprehendet
885 2656 926 2714 de
942 2651 1173 2731 properatione
1188 2652 1319 2730 linguae
1334 2652 1368 2713 in
1384 2651 1580 2730 proterenda
1595 2653 1854 2715 excommunica·

361 2786 463 2865 tione,
484 2792 525 2867 et,
539 2791 567 2851 si
583 2791 628 2852 ita
648 2792 779 2868 videbit,
802 2793 908 2869 potest
929 2789 1033 2851 eidem
1055 2788 1155 2850 veluti
1178 2788 1212 2849 in
1235 2806 1375 2867 poenam
1398 2789 1569 2867 iniungere
1584 2792 1620 2851 ut
1633 2791 1854 2851 excommuni-

361 2924 525 2986 cationem
548 2942 606 2987 seu
629 2926 836 2990 interdictum
859 2925 1171 3005 praetergrediatur.
1192 2924 1290 2998 Quod
1304 2924 1333 2985 si
1349 2942 1386 2986 se
1407 2925 1607 2986 interdicens
1626 2925 1730 2987 voluit
1750 2929 1857 2988 semet

364 3062 521 3123 cohibere
555 3064 597 3123 ab
631 3079 730 3141 opere
766 3063 917 3141 improbo
951 3065 1048 3123 anta
1070 3062 1212 3137 peccato,
1248 3076 1315 3120 non
1350 3062 1400 3121 est
1435 3060 1661 3122 absolvendus
1682 3078 1703 3121 a
1722 3060 1856 3122 vinculo

365 3198 539 3275 interdicti,
561 3216 634 3260 cum
658 3198 864 3261 interdictum
886 3202 1054 3275 tamquam
1079 3196 1230 3257 troenum
1253 3196 1431 3273 compescit
1451 3214 1526 3258 eum
1549 3214 1570 3257 a
1591 3200 1744 3273 peccato.

472 3336 522 3397 XL
563 3335 597 3398 Si
619 3336 818 3414 quibusdam
834 3336 867 3396 in
884 3334 965 3395 locis
986 3334 1070 3411 viget
1091 3331 1297 3393 consuetudo
1318 3335 1355 3393 ut
1374 3332 1633 3409 chorepiscopus
1654 3333 1785 3395 ordinet
1799 3336 1850 3395 vei

367 3488 434 3533 non
457 3472 586 3534 ordinet
607 3475 745 3535 tectores
759 3474 812 3549 (t),
828 3472 861 3533 in
878 3474 1036 3550 potestate
1057 3474 1107 3533 est
1128 3469 1276 3548 episcopi
1299 3472 1334 3531 ut
1355 3469 1387 3531 id
1409 3470 1647 3547 chorepiscopo
1668 3470 1854 3547 permittat.

473 3608 536 3669 XLl
577 3608 641 3682 Qui
665 3608 876 3669 homicidium
897 3608 1064 3669 commisit
1085 3608 1139 3683 (2),
1154 3607 1182 3668 si
1205 3607 1382 3669 deliberate
1405 3605 1438 3667 id
1460 3606 1610 3684 patravit,
1631 3604 1791 3667 consistat
1814 3606 1848 3667 in

365 3744 484 3805 ordine
515 3744 751 3822 poenitentium
763 3762 772 3821 ;
794 3748 825 3807 et
848 3745 981 3806 nonnisi
1003 3744 1045 3806 ad
1066 3744 1166 3805 tinem
1187 3743 1273 3805 vitae
1302 3742 1426 3820 dignus
1445 3741 1503 3804 tiat
1524 3741 1707 3821 perfectiori
1728 3743 1854 3821 gratia.

367 3880 433 3955 Qui
455 3898 533 3941 vero
548 3880 760 3941 indeliberate
782 3880 993 3941 homicidium
1015 3880 1190 3957 commisit,
1203 3879 1352 3957 quinque
1372 3896 1482 3941 annos
1496 3879 1530 3940 in
1546 3880 1748 3958 poenitentia
1763 3880 1858 3958 prius

367 4016 539 4095 transigat,
560 4018 592 4078 et
612 4016 728 4077 exhinc
749 4016 785 4077 tit
815 4018 1044 4095 mysteriorum
1075 4017 1258 4095 particeps.
1279 4015 1442 4078 Sacerdos
1462 4032 1541 4077 vero
1561 4016 1618 4094 qui
1642 4016 1856 4077 homicidium

368 4154 547 4216 deliberate
578 4153 783 4230 perpetravit,
820 4168 954 4215 necesse
989 4156 1040 4214 est
1062 4156 1096 4214 ut
1116 4152 1256 4213 absistat
1288 4151 1426 4211 omnino
1447 4168 1468 4213 a
1488 4152 1681 4213 secerdotali
1719 4169 1861 4213 munere

370 4290 614 4368 adimpleatque
649 4288 883 4366 poenitentiam
920 4288 1013 4349 laicis
1049 4288 1307 4366 praescriptam.
1341 4285 1406 4347 Sed
1436 4286 1468 4348 si
1505 4287 1729 4363 indeliberate,
1764 4287 1862 4350 sicuti

409 4570 454 4633 (l)
474 4565 532 4623 Cf.
551 4566 705 4623 Canonem
730 4565 761 4619 10
780 4575 856 4631 syn.
876 4557 1021 4613 Antioch.
1040 4558 1052 4621 (
1073 4556 1156 4611 Pitra
1175 4570 1212 4625 p.
1229 4556 1315 4619 ⁴59)

410 4698 441 4762 (2
474 4693 527 4751 Ct.
544 4693 699 4793 fanonem
719 4694 755 4748 22
773 4703 864 4745 conc.
883 4685 1031 4756 Ancyrani
1051 4688 1063 4751 (
1085 4684 1168 4741 Pitra
1185 4686 1239 4740 ur
1257 4686 1288 4739 et
1305 4697 1377 4752 seq.
1395 4684 1407 4746 t
