4584 6309
1094 590 1132 601 ..
1154 558 1196 620 25
1215 589 1255 601 ..

433 693 584 770 tempore
604 694 682 772 post
704 692 870 755 interitum
900 693 1050 757 eiusdem
1073 693 1184 757 Severi
1205 696 1239 757 et
1258 694 1435 773 antequam
1458 709 1479 755 a
1499 693 1747 773 monophysilis
1767 707 1829 757 eus
1849 692 1925 755 loco

433 828 640 893 sufficeretur
661 828 981 909 SergiusTellensis,
996 830 1102 894 editas
1121 830 1226 895 luisse
1246 830 1469 893 resolutiones
1490 830 1582 894 illas.
1603 830 1775 909 Siquidem
1798 828 1933 907 ibidem,

439 964 493 1026 ubi
516 965 623 1043 agitur
644 983 697 1028 res
718 966 890 1029 cuiusdam
911 966 973 1028 viri
996 968 1130 1029 nomine
1150 966 1273 1045 Zabad,
1293 966 1364 1045 qui,
1385 968 1515 1046 praeter
1534 968 1708 1045 haeresim,
1728 966 1792 1030 sibi
1814 967 1931 1029 contra

439 1100 492 1161 ius
512 1104 721 1179 arrogaverat
739 1102 962 1181 episcopalem
985 1103 1187 1182 dignitatem,
1201 1106 1377 1182 postquam
1400 1104 1548 1166 notatum
1569 1103 1632 1166 luit
1645 1104 1801 1167 &verum
1822 1102 1934 1165 decla·

440 1254 532 1299 rasse
547 1238 671 1301 irritam
684 1257 745 1302 seu
759 1239 939 1303 invalidam
962 1241 1054 1303 illius
1072 1242 1365 1319 consecrationem,
1386 1243 1485 1319 atque
1506 1240 1713 1321 praecepisse
1733 1243 1770 1303 ut
1789 1238 1934 1315 ordinati

440 1375 612 1437 abeodem
634 1376 745 1437 Zabad
766 1376 879 1437 denuo
899 1376 1145 1456 ordinarentur,
1166 1376 1338 1457 speciatim
1360 1378 1514 1439 subditur
1535 1376 1666 1456 “viginti
1688 1379 1765 1456 plus
1785 1376 1937 1439 minusve

442 1510 649 1589 praeteriisse
679 1526 789 1573 annos
809 1528 831 1573 a
850 1528 918 1590 quo
947 1512 1028 1575 talia
1058 1512 1193 1575 luerunt
1223 1514 1381 1576 audacter
1410 1514 1536 1592 patrata
1568 1531 1590 1575 a
1620 1512 1768 1600 Zabad,.
1788 1511 1936 1574 lamvero

441 1647 593 1725 Severus
613 1648 671 1726 qui
701 1666 766 1711 an.
784 1650 846 1710 512
866 1652 1084 1727 usurpaverat
1104 1650 1151 1725 (1)
1171 1649 1283 1712 sedem
1315 1648 1566 1728 Antiochenam,
1595 1649 1723 1726 exinde,
1753 1648 1936 1727 imperante

442 1783 577 1861 Iustino,
608 1800 699 1847 anno
718 1784 781 1846 518
800 1786 958 1862 expulsus
987 1785 1082 1863 fugiit
1111 1786 1146 1848 in
1179 1786 1412 1849 Alexandriam
1434 1786 1479 1861 (2)
1488 1803 1498 1863 ;
1520 1787 1561 1864 et,
1591 1788 1667 1865 post
1694 1785 1871 1849 adventum
1901 1782 1936 1845 in

444 1921 556 1983 urbem
578 1919 913 1999 Constantinopolim,
926 1920 989 1985 tuit
1008 1939 1072 1985 an.
1090 1922 1153 1984 536
1172 1924 1351 1987 damnatus
1371 1924 1417 2000 (3)
1430 1942 1451 1985 a
1464 1923 1615 1989 Romano
1635 1920 1794 1983 Pontitice
1813 1921 1940 1999 Agape-

442 2061 488 2134 to,
509 2056 671 2135 rediitque
701 2058 734 2121 in
757 2060 950 2139 Aegyptum,
980 2059 1170 2139 ibidemque
1200 2060 1324 2123 interiit
1343 2062 1390 2136 (4)
1409 2078 1473 2123 an.
1492 2060 1571 2122 538.
1592 2058 1737 2121 Proinde
1756 2074 1796 2119 ex
1815 2072 1940 2135 super·

444 2193 497 2254 ius
511 2180 607 2256 dictis
620 2194 793 2257 deducitur
811 2196 977 2258 decretum
992 2195 1103 2258 Severi
1118 2197 1283 2259 adversus
1303 2197 1415 2259 Zabad
1437 2195 1572 2259 nonnisi
1592 2212 1655 2257 an.
1668 2194 1731 2256 518
1749 2208 1941 2269 emanasse,

445 2330 476 2390 et
496 2333 746 2408 consequenter,
765 2330 890 2394 additis
910 2332 1023 2410 viginti
1045 2333 1146 2394 annis
1166 2334 1244 2413 plus
1265 2333 1425 2412 minusve,
1445 2332 1621 2397 dicendum
1643 2331 1694 2392 est
1713 2328 1935 2391 resolutiones

446 2464 639 2543 canonicaS,
659 2467 699 2527 de
721 2467 846 2545 quihus
866 2485 1076 2547 occupamur,
1097 2468 1207 2531 statim
1229 2472 1306 2547 posi
1325 2470 1473 2533 eiusdem
1503 2466 1615 2531 Severi
1637 2465 1805 2529 interihrm
1831 2463 1940 2526 editas

445 2601 549 2663 luisse
580 2618 697 2679 nempe
728 2602 802 2680 ipso
822 2620 914 2665 anno
933 2604 995 2665 538
1013 2606 1064 2665 vel
1086 2620 1178 2666 anno
1208 2604 1435 2684 subsequenti,
1454 2608 1633 2683 antequam
1665 2619 1784 2681 nempe
1803 2600 1941 2679 Sergius

445 2737 611 2799 Tellensis
631 2738 665 2799 in
686 2738 834 2801 eiusdem
857 2742 964 2801 locum
986 2756 1006 2801 a
1028 2741 1271 2819 monophysitis
1290 2741 1495 2803 sufficeretur
1514 2740 1580 2817 (5).

554 2875 589 2937 ln
612 2874 724 2936 codice
752 2876 882 2953 syriaco
912 2876 1129 2937 bibliothecae
1160 2880 1301 2955 nostrae,
1323 2896 1363 2940 ex
1382 2894 1451 2955 quo
1473 2876 1573 2939 'Acta
1591 2874 1709 2952 Pilati,
1729 2873 1942 2952 vulgavimus

452 3012 464 3083 (
485 3009 533 3071 cf.
555 3010 664 3072 studia
685 3028 752 3089 syr.
772 3010 858 3074 fasc.
880 3012 904 3073 ll
924 3014 948 3089 ),
969 3014 1096 3091 prostat
1115 3008 1276 3075 canonica
1296 3014 1437 3092 epistola
1458 3013 1548 3076 hisce
1568 3010 1830 3075 resolutionibus
1841 3025 1942 3072 cano

451 3147 533 3211 nicis
566 3148 733 3227 parallela,
754 3166 841 3227 quae
872 3165 939 3212 non
960 3150 1088 3212 tantum
1110 3149 1287 3213 confirmat
1306 3168 1347 3212 ea
1366 3168 1452 3229 quae
1472 3149 1688 3229 exposuimus
1706 3148 1749 3209 de
1768 3148 1875 3209 aetate
1894 3146 1939 3207 ad

448 3300 546 3361 quam
579 3284 768 3349 referendae
798 3289 878 3348 sunt
906 3286 1067 3349 eiusmodi
1099 3287 1330 3366 resolutiones,
1349 3289 1409 3351 sed
1430 3292 1463 3351 et
1482 3288 1633 3367 designat
1660 3286 1797 3364 quinam
1818 3282 1943 3346 luerint

486 3617 530 3679 (l)
548 3614 630 3669 Tunc
649 3612 794 3683 temporis
812 3610 965 3683 legitimus
984 3612 1155 3681 patriarcha
1172 3612 1378 3668 Antiocheuus
1389 3615 1453 3668 erat
1466 3611 1638 3676 Flavianus,
1649 3610 1702 3681 qui
1715 3613 1815 3665 lamen
1834 3622 1940 3679 panum

449 3744 594 3797 constans
623 3742 651 3796 in
671 3742 729 3797 tide
747 3744 828 3796 erat.
847 3738 923 3794 Huic
941 3752 997 3795 an.
1015 3742 1072 3795 518
1096 3738 1245 3795 successit
1273 3739 1406 3810 legitime
1434 3738 1548 3794 Paulus
1566 3738 1618 3809 qui
1645 3740 1755 3808 sponte
1781 3732 1943 3792 Antiochia

450 3868 610 3925 discessit.
629 3872 641 3935 (
660 3867 714 3924 Cl.
732 3868 832 3939 Evag.
850 3869 878 3922 1.
901 3867 945 3935 Ν,
962 3869 982 3921 4
1001 3868 1013 3931 )
1033 3869 1062 3922 et
1080 3868 1120 3922 ab
1138 3880 1187 3922 au.
1204 3869 1255 3923 521
1277 3868 1430 3937 usquead
1448 3868 1503 3923 527
1523 3865 1720 3938 Euphrasius,
1737 3868 1767 3920 et
1784 3867 1857 3934 post
1871 3876 1941 3919 eum

451 4000 490 4053 ab
509 4009 565 4053 au.
583 3998 638 4053 527
656 3996 806 4065 usquead
825 3996 881 4049 545
898 4010 933 4048 s.
951 3993 1097 4063 Ephraem
1116 3993 1289 4049 Amidensis
1307 3992 1404 4048 sedit,

482 4128 525 4190 (2)
544 4122 593 4180 ct.
613 4122 772 4193 Evagrium
793 4122 872 4179 bist.
889 4122 968 4178 eccl.
984 4124 1010 4177 l.
1030 4121 1074 4191 lll,
1091 4123 1136 4191 3'l;
1148 4122 1174 4177 l.
1192 4121 1327 4191 w,⁴;et
1343 4120 1556 4191 Theophanem
1569 4122 1600 4177 in
1612 4120 1756 4191 chronog.
1767 4120 1806 4174 ad
1819 4132 1867 4174 an.
1878 4118 1944 4191 518,

483 4258 530 4319 (3)
547 4252 716 4309 Damnatus
733 4250 790 4307 luit
807 4265 875 4306 cum
893 4248 1078 4319 Theodosio,
1086 4248 1230 4305 Anthimo
1241 4248 1372 4319 aliisque
1388 4251 1428 4304 ab
1446 4250 1582 4319 Agapeto
1599 4246 1737 4306 Romano
1755 4244 1899 4301 Pontilice
1911 4244 1944 4301 in

448 4396 540 4439 conc.
561 4382 664 4437 habito
683 4376 966 4447 Constantinopoli.

485 4513 530 4581 (dt
548 4507 602 4567 (ἶ).
622 4508 842 4564 Barhebraeum
863 4506 894 4563 in
914 4504 1035 4561 Chrou.
1052 4504 1138 4560 Fccl.
1157 4504 1237 4559 edit.
1255 4502 1350 4573 lamy
1366 4518 1443 4576 pag.
1461 4506 1533 4560 212.

487 4642 530 4705 (5,
552 4636 603 4696 Cl.
626 4636 846 4693 Barbebraeum
865 4634 896 4693 in
915 4631 1035 4688 Chron.
1053 4632 1140 4687 Eccl.
1159 4634 1241 4688 edit.
1258 4632 1351 4702 Lamy
1368 4647 1423 4703 pag
1463 4633 1517 4690 214
