4584 6309
959 568 996 611 ..·
1024 566 1063 627 57
1080 573 1128 610 ’-

298 697 434 779 eiusque
455 700 558 763 socii.

403 828 436 891 Si
460 829 555 891 adest
576 828 739 891 diaconus
762 828 795 890 in
819 846 903 909 pago
924 830 975 893 cui
1001 846 1068 891 non
1091 832 1140 893 est
1163 832 1343 911 presbyter,
1358 848 1465 911 neque
1486 833 1529 896 sit
1549 833 1680 897 vicinus
1700 835 1788 897 alius

297 966 468 1045 presbyter
489 965 523 1027 in
547 966 661 1029 eodem
685 982 778 1045 pag0,
802 983 908 1045 neque
929 966 1067 1045 quilibet
1088 967 1187 1045 aliuS,
1208 968 1265 1047 qui
1289 970 1491 1049 praemineat
1520 971 1637 1034 ceteris
1668 971 1786 1033 incolis

293 1102 440 1165 eiusdem
463 1102 547 1182 pagi,
563 1102 748 1168 facultatem
772 1104 869 1167 habet
892 1104 981 1181 (ille
1002 1104 1164 1167 diaconus
1185 1109 1196 1177 l
1219 1105 1386 1185 infligendi
1408 1106 1612 1185 delinquenti
1636 1124 1789 1186 poenam,

292 1256 378 1317 quae
399 1239 498 1319 digna
512 1239 555 1303 sit
570 1240 689 1303 delicto
711 1240 835 1319 ipsius.
858 1241 932 1304 Non
954 1243 1064 1305 tamen
1086 1241 1227 1305 facultas
1241 1244 1291 1305 est
1306 1242 1368 1321 ipsi
1391 1242 1548 1305 offerendi
1571 1243 1782 1307 oblationem.

292 1375 358 1437 Sed
380 1376 566 1456 suscipiens
589 1394 717 1457 panem,
732 1396 829 1458 quem
852 1377 946 1443 offert
967 1379 1040 1459 pagi
1063 1380 1218 1459 populuS,
1239 1378 1363 1443 deferat
1382 1381 1425 1443 ad
1447 1380 1631 1459 proximum
1654 1398 1787 1461 pagum,

292 1514 320 1573 et
343 1528 418 1574 cum
449 1514 589 1576 eundem
613 1530 730 1592 panem
764 1514 934 1593 presbyter
965 1514 1055 1577 illius
1085 1515 1159 1594 pagi
1181 1515 1430 1591 consecraverit,
1451 1518 1561 1578 sumat
1581 1517 1781 1580 oblationem

291 1659 516 1719 consecratam
547 1656 709 1721 diaconus
730 1661 761 1721 et
782 1657 895 1721 alferat
916 1659 957 1723 ad
979 1675 1077 1721 suum
1101 1675 1230 1737 pagum,
1252 1657 1494 1735 distribuatquc
1524 1660 1647 1737 populo
1669 1659 1783 1721 dicens

292 1794 421 1855 tantum
446 1805 454 1859 ζ
478 1812 593 1858 amen.
617 1794 724 1875 Nefas]
743 1797 852 1859 tamen
875 1798 924 1859 est
946 1798 981 1859 ut
1002 1795 1041 1873 is,
1062 1812 1135 1857 cum
1168 1795 1328 1858 diaconus
1349 1795 1402 1873 sit,
1423 1795 1436 1869 (
1456 1796 1617 1859 extollens
1638 1812 1751 1859 vocem
1772 1798 1784 1872 )

291 1927 377 1989 dicat
398 1946 406 1989 :
430 1930 521 2007 pater
540 1932 656 2012 noster
676 1930 732 2009 qui
755 1948 791 1994 es
813 1931 846 2012 in
869 1931 980 2007 coelis,
1002 1932 1053 1993 vei
1076 1950 1084 1993 :
1109 1928 1285 1993 “Sanctum
1307 1930 1449 2008 sanctis,
1473 1928 1537 2006 (ll.

398 2065 418 2125 5
446 2064 704 2147 Hypodiaconus
738 2066 923 2129 facultatem
960 2068 1058 2129 habet
1092 2066 1313 2129 concinnandi
1351 2066 1546 2145 lampadem,
1581 2066 1782 2129 accendendi

291 2201 455 2281 lucernas,
477 2202 645 2283 aperiendi
668 2204 754 2267 ostia
785 2203 949 2281 ecclesiae,
971 2202 1080 2265 standi
1102 2204 1250 2281 tempore
1270 2202 1368 2265 officii
1391 2203 1433 2265 ad
1456 2204 1579 2281 portas,
1600 2204 1699 2281 atque
1719 2220 1782 2267 sua

289 2353 369 2399 voce
397 2339 529 2401 arcendi
561 2340 803 2420 cohibendique
833 2340 1015 2417 audientes
1038 2356 1079 2403 ne
1100 2341 1259 2405 accedant
1279 2341 1321 2403 ad
1343 2342 1493 2404 sanctum
1515 2343 1529 2419 (
1548 2340 1780 2417 sacrificium)

290 2495 397 2557 neque
418 2478 660 2541 commorantes
683 2478 837 2539 maneant
857 2479 1004 2555 tempore
1036 2476 1215 2539 oblationis
1236 2476 1301 2554 (2).
1323 2476 1472 2541 induitur
1492 2480 1601 2541 autem
1621 2476 1779 2556 tunicam,

293 2617 323 2677 ut
346 2617 378 2678 et
400 2614 512 2679 babitu
535 2613 757 2693 distinguatur
777 2630 798 2676 a
820 2613 960 2677 diacono
982 2614 1046 2691 (3).

395 2750 416 2813 b
436 2752 549 2813 Lector
580 2752 667 2813 hunc
690 2750 722 2813 in
757 2750 854 2813 finem
877 2751 922 2829 iit,
945 2753 980 2815 ut
1001 2768 1110 2815 coram
1143 2754 1229 2815 coetu
1252 2754 1337 2831 legat
1358 2752 1463 2815 libros
1492 2769 1615 2829 sacros,
1647 2756 1781 2833 excepto

292 2890 406 2951 sancto
426 2887 622 2967 Evangelio

329 3374 372 3439 (l)
392 3372 458 3429 Non
478 3374 576 3430 solum
598 3374 626 3430 in
647 3373 767 3445 liturgia
786 3368 828 3428 C.
848 3368 889 3427 Α.
909 3370 935 3426 l.
954 3368 1015 3425 Viti
1034 3386 1066 3425 c.
1090 3370 1128 3437 13,
1148 3370 1201 3426 sed
1215 3370 1245 3424 et
1258 3368 1287 3424 in
1300 3368 1415 3425 cunctis
1434 3367 1631 3425 orientalibus
1650 3368 1783 3441 liturgiis

293 3487 446 3545 celebrans
465 3491 533 3545 ante
551 3489 791 3545 communionem
812 3488 932 3542 elevans
951 3500 984 3541 5.
1003 3484 1187 3540 oblationem
1207 3484 1352 3539 exclamat
1366 3481 1487 3539 “sancta
1505 3482 1652 3554 sanctis,.
1673 3485 1703 3541 in
1716 3484 1785 3541 sola

294 3599 413 3672 liturgia
433 3602 588 3661 chaldaica
616 3602 769 3673 praedicta
796 3598 971 3660 exclamatio
992 3597 1140 3668 profertur
1159 3597 1189 3653 in
1207 3596 1363 3667 singulari,
1383 3596 1425 3653 uti
1445 3595 1475 3653 in
1494 3594 1616 3669 liturgia
1634 3598 1673 3653 ad
1693 3612 1782 3668 quam

294 3714 399 3771 alludit
428 3718 638 3773 documentum
669 3717 822 3772 nostrum.
843 3713 1011 3783 “Sanctum,
1039 3712 1082 3768 ait
1110 3712 1274 3782 celebrans,
1293 3710 1407 3767 sanctis
1426 3712 1510 3766 decet
1529 3710 1558 3766 in
1585 3710 1783 3781 perfectione„

1237 3809 1410 3893 timu
1431 3802 1484 3895 ilJ
1503 3808 1643 3913 lusa&
1662 3807 1786 3901 layo-0

327 3944 371 4017 (2)
390 3945 444 4005 Cf.
464 3964 540 4020 quae
559 3949 589 4006 in
610 3946 825 4019 praenotandis
845 3948 878 4003 30
897 3944 1028 4003 diximus
1048 3945 1085 4005 de
1104 3943 1306 4015 hypodiaconi
1333 3941 1462 3998 officiis.
1481 3940 1784 3999 Animadvertendum

293 4062 342 4117 est
360 4064 459 4121 autem
481 4062 529 4121 llic
547 4062 645 4121 obiter
663 4075 806 4119 canonem
826 4061 859 4117 21
880 4073 953 4130 syn.
967 4058 1132 4115 Laodiceae
1152 4058 1182 4113 in
1202 4072 1261 4128 quo
1273 4055 1389 4140 ‚dicitur
1410 4054 1486 4111 “non
1505 4056 1626 4124 oportet
1644 4055 1787 4126 hypodia·

291 4200 386 4241 conos
406 4226 413 4241 .
434 4226 441 4240 .
461 4224 468 4239 .
487 4176 638 4239 dominica
657 4191 732 4235 vasa
759 4172 948 4244 contingere,
968 4172 1044 4231 satis
1063 4173 1166 4241 aperte
1185 4170 1307 4227 innuere
1326 4168 1487 4225 nonnullos
1507 4168 1733 4238 hypodiaconos
1754 4167 1783 4225 id

302 4299 364 4356 sibi
382 4310 525 4368 arrogare
544 4290 702 4362 coepisse.
818 4341 822 4353 .

329 4416 372 4482 [3)
391 4406 597 4485 Hypodiaconi
617 4406 714 4462 solam
735 4401 865 4460 tunicam
886 4400 1057 4469 induebant,
1077 4414 1172 4470 eaque
1190 4401 1343 4469 tamquam
1363 4399 1446 4453 veste
1464 4395 1640 4453 distinctiva
1653 4412 1673 4455 a
1686 4396 1787 4453 diaco·

294 4526 344 4582 nis
363 4522 647 4598 distinguebantur:
668 4518 850 4590 proindeque
871 4516 1011 4585 nondum,
1031 4516 1165 4583 tempore
1185 4527 1244 4583 quo
1265 4514 1401 4569 nostrum
1421 4511 1568 4581 scriptum
1588 4509 1701 4567 editum
1722 4508 1787 4579 luit,

296 4643 456 4701 utebantur
475 4632 796 4712 hypodiaconiorario
838 4628 890 4697 Cf.
911 4646 984 4691 can.
1003 4630 1039 4708 22
1057 4628 1186 4687 Laudic.
