<?xml version="1.0" encoding="UTF-8"?>
<!DOCTYPE html PUBLIC "-//W3C//DTD XHTML 1.0 Transitional//EN"
    "http://www.w3.org/TR/xhtml1/DTD/xhtml1-transitional.dtd">
<html xmlns="http://www.w3.org/1999/xhtml" xml:lang="en" lang="en">
 <head>
  <title>
</title>
<meta http-equiv="Content-Type" content="text/html;charset=utf-8" />
  <meta name='ocr-system' content='tesseract 3.04.00' />
  <meta name='ocr-capabilities' content='ocr_page ocr_carea ocr_par ocr_line ocrx_word'/>
</head>
<body>
  <div class='ocr_page' id='page_1' title='image "./studiasyriacase00rahmgoog_0017.png"; bbox 0 0 4584 6309; ppageno 0'>
   <div class='ocr_carea' id='block_1_1' title="bbox 571 628 1628 973">
    <p class='ocr_par' dir='ltr' id='par_1_1' title="bbox 571 628 1628 973">
     <span class='ocr_line' id='line_1_1' title="bbox 1032 628 1170 691; baseline 0 -18"><span class='ocrx_word' id='word_1_1' title='bbox 1032 660 1069 673; x_wconf 90' lang='lat'>..</span> <span class='ocrx_word' id='word_1_2' title='bbox 1090 628 1111 691; x_wconf 85' lang='lat'><strong>5</strong></span> <span class='ocrx_word' id='word_1_3' title='bbox 1132 658 1170 673; x_wconf 85' lang='grc'>..</span> 
     </span>
     <span class='ocr_line' id='line_1_2' title="bbox 571 898 1628 973; baseline -0.002 -12"><span class='ocrx_word' id='word_1_4' title='bbox 571 907 606 962; x_wconf 82' lang='grc'>3.</span> <span class='ocrx_word' id='word_1_5' title='bbox 643 898 822 971; x_wconf 88' lang='lat' dir='ltr'>Disquisitio</span> <span class='ocrx_word' id='word_1_6' title='bbox 842 900 879 957; x_wconf 92' lang='lat' dir='ltr'>de</span> <span class='ocrx_word' id='word_1_7' title='bbox 899 900 1001 972; x_wconf 86' lang='lat' dir='ltr'>lingua</span> <span class='ocrx_word' id='word_1_8' title='bbox 1021 899 1160 973; x_wconf 86' lang='lat' dir='ltr'>liturgica</span> <span class='ocrx_word' id='word_1_9' title='bbox 1178 898 1307 970; x_wconf 89' lang='lat' dir='ltr'>pristina</span> <span class='ocrx_word' id='word_1_10' title='bbox 1324 898 1421 968; x_wconf 83' lang='lat' dir='ltr'>aetate</span> <span class='ocrx_word' id='word_1_11' title='bbox 1440 912 1493 968; x_wconf 92' lang='lat' dir='ltr'>per</span> <span class='ocrx_word' id='word_1_12' title='bbox 1510 898 1628 971; x_wconf 87' lang='lat' dir='ltr'>Syriam</span> 
     </span>
    </p>
   </div>
   <div class='ocr_carea' id='block_1_2' title="bbox 358 1164 1859 2475">
    <p class='ocr_par' dir='ltr' id='par_1_2' title="bbox 361 1164 1851 1659">
     <span class='ocr_line' id='line_1_3' title="bbox 467 1164 1850 1249; baseline 0 -16"><span class='ocrx_word' id='word_1_13' title='bbox 467 1168 580 1247; x_wconf 89' lang='lat' dir='ltr'>Porro,</span> <span class='ocrx_word' id='word_1_14' title='bbox 602 1167 720 1232; x_wconf 89' lang='lat' dir='ltr'>ceteris</span> <span class='ocrx_word' id='word_1_15' title='bbox 750 1164 897 1247; x_wconf 90' lang='lat' dir='ltr'>omissis,</span> <span class='ocrx_word' id='word_1_16' title='bbox 927 1170 1075 1231; x_wconf 90' lang='lat' dir='ltr'>nostrum</span> <span class='ocrx_word' id='word_1_17' title='bbox 1097 1166 1330 1231; x_wconf 86' lang='lat' dir='ltr'>documentum</span> <span class='ocrx_word' id='word_1_18' title='bbox 1353 1166 1554 1229; x_wconf 90' lang='lat' dir='ltr'>luculentum</span> <span class='ocrx_word' id='word_1_19' title='bbox 1578 1168 1727 1249; x_wconf 84' lang='lat' dir='ltr'><strong>perhibet</strong></span> <span class='ocrx_word' id='word_1_20' title='bbox 1747 1171 1850 1235; x_wconf 91' lang='lat' dir='ltr'>testi-</span> 
     </span>
     <span class='ocr_line' id='line_1_4' title="bbox 361 1302 1850 1387; baseline -0.001 -16"><span class='ocrx_word' id='word_1_21' title='bbox 361 1307 507 1373; x_wconf 89' lang='lat' dir='ltr'>monium</span> <span class='ocrx_word' id='word_1_22' title='bbox 529 1308 570 1374; x_wconf 89' lang='lat' dir='ltr'>de</span> <span class='ocrx_word' id='word_1_23' title='bbox 591 1306 713 1386; x_wconf 85' lang='lat' dir='ltr'>duplici</span> <span class='ocrx_word' id='word_1_24' title='bbox 737 1304 771 1369; x_wconf 90' lang='lat' dir='ltr'>in</span> <span class='ocrx_word' id='word_1_25' title='bbox 792 1322 887 1369; x_wconf 89' lang='lat' dir='ltr'>sacra</span> <span class='ocrx_word' id='word_1_26' title='bbox 907 1304 1022 1385; x_wconf 85' lang='lat' dir='ltr'>synaxi</span> <span class='ocrx_word' id='word_1_27' title='bbox 1045 1304 1195 1368; x_wconf 91' lang='lat' dir='ltr'>adhibita</span> <span class='ocrx_word' id='word_1_28' title='bbox 1217 1302 1339 1383; x_wconf 86' lang='lat' dir='ltr'>lingua,</span> <span class='ocrx_word' id='word_1_29' title='bbox 1358 1320 1476 1382; x_wconf 86' lang='lat' dir='ltr'>graeca</span> <span class='ocrx_word' id='word_1_30' title='bbox 1495 1306 1646 1370; x_wconf 86' lang='lat' dir='ltr'>videlicet</span> <span class='ocrx_word' id='word_1_31' title='bbox 1667 1318 1698 1371; x_wconf 92' lang='lat' dir='ltr'>et</span> <span class='ocrx_word' id='word_1_32' title='bbox 1712 1307 1850 1387; x_wconf 89' lang='lat' dir='ltr'>syriaca.</span> 
     </span>
     <span class='ocr_line' id='line_1_5' title="bbox 361 1414 1851 1523; baseline -0.001 -15"><span class='ocrx_word' id='word_1_33' title='bbox 361 1444 406 1508; x_wconf 93' lang='lat' dir='ltr'>lbi</span> <span class='ocrx_word' id='word_1_34' title='bbox 438 1442 524 1508; x_wconf 92' lang='lat' dir='ltr'>enim</span> <span class='ocrx_word' id='word_1_35' title='bbox 559 1442 793 1523; x_wconf 82' lang='lat' dir='ltr'>praescribitur</span> <span class='ocrx_word' id='word_1_36' title='bbox 814 1445 849 1507; x_wconf 91' lang='lat' dir='ltr'>ut</span> <span class='ocrx_word' id='word_1_37' title='bbox 870 1442 1028 1507; x_wconf 89' lang='lat' dir='ltr'>lectiones</span> <span class='ocrx_word' id='word_1_38' title='bbox 1060 1442 1281 1521; x_wconf 86' lang='lat' dir='ltr'>Scripturales</span> <span class='ocrx_word' id='word_1_39' title='bbox 1309 1457 1423 1521; x_wconf 83' lang='lat' dir='ltr'>graece</span> <span class='ocrx_word' id='word_1_40' title='bbox 1451 1444 1482 1504; x_wconf 92' lang='lat' dir='ltr'>et</span> <span class='ocrx_word' id='word_1_41' title='bbox 1509 1414 1635 1523; x_wconf 77' lang='lat' dir='ltr'>syriace</span> <span class='ocrx_word' id='word_1_42' title='bbox 1666 1444 1851 1521; x_wconf 86' lang='lat' dir='ltr'>recitentur,</span> 
     </span>
     <span class='ocr_line' id='line_1_6' title="bbox 361 1577 1760 1659; baseline -0.001 -16"><span class='ocrx_word' id='word_1_43' title='bbox 361 1582 461 1659; x_wconf 89' lang='lat' dir='ltr'>utque</span> <span class='ocrx_word' id='word_1_44' title='bbox 482 1578 644 1643; x_wconf 90' lang='lat' dir='ltr'>diaconus</span> <span class='ocrx_word' id='word_1_45' title='bbox 664 1594 801 1659; x_wconf 88' lang='lat' dir='ltr'>graecus</span> <span class='ocrx_word' id='word_1_46' title='bbox 822 1578 853 1640; x_wconf 91' lang='lat' dir='ltr'>et</span> <span class='ocrx_word' id='word_1_47' title='bbox 875 1580 950 1656; x_wconf 88' lang='lat' dir='ltr'>post</span> <span class='ocrx_word' id='word_1_48' title='bbox 971 1578 1079 1657; x_wconf 91' lang='lat' dir='ltr'>ipsum</span> <span class='ocrx_word' id='word_1_49' title='bbox 1102 1577 1253 1658; x_wconf 90' lang='lat' dir='ltr'>syriacus</span> <span class='ocrx_word' id='word_1_50' title='bbox 1275 1578 1552 1657; x_wconf 88' lang='lat' dir='ltr'>proclamationes</span> <span class='ocrx_word' id='word_1_51' title='bbox 1573 1580 1760 1657; x_wconf 86' lang='lat' dir='ltr'>proterant.</span> 
     </span>
    </p>

    <p class='ocr_par' dir='ltr' id='par_1_3' title="bbox 358 1713 1854 1931">
     <span class='ocr_line' id='line_1_7' title="bbox 471 1713 1854 1795; baseline 0 -16"><span class='ocrx_word' id='word_1_52' title='bbox 471 1716 564 1779; x_wconf 90' lang='lat' dir='ltr'>Libet</span> <span class='ocrx_word' id='word_1_53' title='bbox 585 1716 695 1793; x_wconf 83' lang='lat' dir='ltr'>itaque</span> <span class='ocrx_word' id='word_1_54' title='bbox 717 1715 778 1777; x_wconf 92' lang='lat' dir='ltr'>hac</span> <span class='ocrx_word' id='word_1_55' title='bbox 809 1714 986 1777; x_wconf 89' lang='lat' dir='ltr'>occasione</span> <span class='ocrx_word' id='word_1_56' title='bbox 1007 1713 1196 1779; x_wconf 87' lang='lat' dir='ltr'>summatim</span> <span class='ocrx_word' id='word_1_57' title='bbox 1229 1713 1389 1795; x_wconf 91' lang='lat' dir='ltr'>attingere</span> <span class='ocrx_word' id='word_1_58' title='bbox 1410 1714 1639 1794; x_wconf 88' lang='lat' dir='ltr'>quaestionem</span> <span class='ocrx_word' id='word_1_59' title='bbox 1662 1717 1703 1779; x_wconf 91' lang='lat' dir='ltr'>de</span> <span class='ocrx_word' id='word_1_60' title='bbox 1726 1716 1854 1779; x_wconf 87' lang='lat' dir='ltr'>invecto</span> 
     </span>
     <span class='ocr_line' id='line_1_8' title="bbox 358 1848 960 1931; baseline -0.002 -17"><span class='ocrx_word' id='word_1_61' title='bbox 358 1868 477 1931; x_wconf 87' lang='lat' dir='ltr'>graeco</span> <span class='ocrx_word' id='word_1_62' title='bbox 498 1867 651 1915; x_wconf 87' lang='lat' dir='ltr'>sermone</span> <span class='ocrx_word' id='word_1_63' title='bbox 673 1849 706 1912; x_wconf 92' lang='lat' dir='ltr'>in</span> <span class='ocrx_word' id='word_1_64' title='bbox 728 1848 843 1930; x_wconf 87' lang='lat' dir='ltr'>Syriae</span> <span class='ocrx_word' id='word_1_65' title='bbox 864 1866 960 1913; x_wconf 81' lang='lat' dir='ltr'>oras,</span> 
     </span>
    </p>

    <p class='ocr_par' dir='ltr' id='par_1_4' title="bbox 362 1985 1859 2475">
     <span class='ocr_line' id='line_1_9' title="bbox 468 1985 1855 2068; baseline 0 -19"><span class='ocrx_word' id='word_1_66' title='bbox 468 1986 565 2063; x_wconf 90' lang='lat' dir='ltr'>Quod</span> <span class='ocrx_word' id='word_1_67' title='bbox 588 1986 701 2065; x_wconf 88' lang='lat' dir='ltr'>lingua</span> <span class='ocrx_word' id='word_1_68' title='bbox 721 1987 900 2049; x_wconf 88' lang='lat' dir='ltr'>vernacula</span> <span class='ocrx_word' id='word_1_69' title='bbox 921 1985 1036 2066; x_wconf 87' lang='lat' dir='ltr'>Syriae</span> <span class='ocrx_word' id='word_1_70' title='bbox 1057 1986 1136 2049; x_wconf 93' lang='lat' dir='ltr'>olim</span> <span class='ocrx_word' id='word_1_71' title='bbox 1158 1986 1256 2049; x_wconf 84' lang='lat' dir='ltr'>fuerit</span> <span class='ocrx_word' id='word_1_72' title='bbox 1277 1986 1414 2067; x_wconf 90' lang='lat' dir='ltr'>syriaca,</span> <span class='ocrx_word' id='word_1_73' title='bbox 1436 2005 1495 2068; x_wconf 92' lang='lat' dir='ltr'>per</span> <span class='ocrx_word' id='word_1_74' title='bbox 1515 2005 1553 2051; x_wconf 92' lang='lat' dir='ltr'>se</span> <span class='ocrx_word' id='word_1_75' title='bbox 1574 1990 1681 2067; x_wconf 88' lang='lat' dir='ltr'>patet.</span> <span class='ocrx_word' id='word_1_76' title='bbox 1702 1988 1773 2050; x_wconf 88' lang='lat' dir='ltr'>Hoc</span> <span class='ocrx_word' id='word_1_77' title='bbox 1792 1990 1855 2050; x_wconf 81' lang='lat' dir='ltr'>tes-</span> 
     </span>
     <span class='ocr_line' id='line_1_10' title="bbox 362 2122 1857 2203; baseline 0 -18"><span class='ocrx_word' id='word_1_78' title='bbox 362 2122 475 2185; x_wconf 84' lang='lat' dir='ltr'>tantur</span> <span class='ocrx_word' id='word_1_79' title='bbox 495 2138 608 2185; x_wconf 90' lang='lat' dir='ltr'>saerae</span> <span class='ocrx_word' id='word_1_80' title='bbox 630 2122 779 2201; x_wconf 86' lang='lat' dir='ltr'>Litterae,</span> <span class='ocrx_word' id='word_1_81' title='bbox 800 2124 1018 2203; x_wconf 89' lang='lat' dir='ltr'>comprobant</span> <span class='ocrx_word' id='word_1_82' title='bbox 1051 2126 1266 2187; x_wconf 92' lang='lat' dir='ltr'>monumenta</span> <span class='ocrx_word' id='word_1_83' title='bbox 1297 2124 1454 2188; x_wconf 88' lang='lat' dir='ltr'>historica</span> <span class='ocrx_word' id='word_1_84' title='bbox 1474 2124 1529 2201; x_wconf 80' lang='lat' dir='ltr'>tl),</span> <span class='ocrx_word' id='word_1_85' title='bbox 1551 2125 1690 2203; x_wconf 86' lang='lat' dir='ltr'>ipsaque</span> <span class='ocrx_word' id='word_1_86' title='bbox 1712 2125 1857 2186; x_wconf 90' lang='lat' dir='ltr'>locorum</span> 
     </span>
     <span class='ocr_line' id='line_1_11' title="bbox 362 2253 1850 2339; baseline -0.001 -18"><span class='ocrx_word' id='word_1_87' title='bbox 362 2258 497 2321; x_wconf 89' lang='lat' dir='ltr'>nomina</span> <span class='ocrx_word' id='word_1_88' title='bbox 511 2258 689 2337; x_wconf 88' lang='lat' dir='ltr'>originaria</span> <span class='ocrx_word' id='word_1_89' title='bbox 704 2260 909 2337; x_wconf 89' lang='lat' dir='ltr'>proclamant</span> <span class='ocrx_word' id='word_1_90' title='bbox 924 2260 978 2337; x_wconf 76' lang='lat'>(2).</span> <span class='ocrx_word' id='word_1_91' title='bbox 993 2261 1145 2323; x_wconf 80' lang='lat' dir='ltr'>Attamen</span> <span class='ocrx_word' id='word_1_92' title='bbox 1163 2262 1240 2339; x_wconf 88' lang='lat' dir='ltr'>post</span> <span class='ocrx_word' id='word_1_93' title='bbox 1253 2253 1445 2339; x_wconf 81' lang='lat' dir='ltr'>occupatam</span> <span class='ocrx_word' id='word_1_94' title='bbox 1460 2258 1588 2339; x_wconf 88' lang='lat' dir='ltr'>Syriam</span> <span class='ocrx_word' id='word_1_95' title='bbox 1604 2260 1647 2321; x_wconf 92' lang='lat' dir='ltr'>ab</span> <span class='ocrx_word' id='word_1_96' title='bbox 1662 2258 1850 2321; x_wconf 82' lang='lat' dir='ltr'>Alexandro</span> 
     </span>
     <span class='ocr_line' id='line_1_12' title="bbox 364 2394 1859 2475; baseline 0 -19"><span class='ocrx_word' id='word_1_97' title='bbox 364 2394 483 2470; x_wconf 83' lang='lat' dir='ltr'>Magno</span> <span class='ocrx_word' id='word_1_98' title='bbox 506 2396 537 2457; x_wconf 91' lang='lat' dir='ltr'>et</span> <span class='ocrx_word' id='word_1_99' title='bbox 557 2411 578 2457; x_wconf 88' lang='lat' dir='ltr'>a</span> <span class='ocrx_word' id='word_1_100' title='bbox 598 2394 789 2474; x_wconf 78' lang='lat' dir='ltr'>SeleucidiS,</span> <span class='ocrx_word' id='word_1_101' title='bbox 804 2413 920 2475; x_wconf 90' lang='lat' dir='ltr'>graeca</span> <span class='ocrx_word' id='word_1_102' title='bbox 942 2397 1054 2475; x_wconf 91' lang='lat' dir='ltr'>lingua</span> <span class='ocrx_word' id='word_1_103' title='bbox 1076 2397 1109 2459; x_wconf 93' lang='lat' dir='ltr'>in</span> <span class='ocrx_word' id='word_1_104' title='bbox 1133 2396 1223 2459; x_wconf 86' lang='lat' dir='ltr'>illam</span> <span class='ocrx_word' id='word_1_105' title='bbox 1246 2398 1417 2475; x_wconf 87' lang='lat' dir='ltr'>penetrare</span> <span class='ocrx_word' id='word_1_106' title='bbox 1438 2395 1554 2474; x_wconf 89' lang='lat' dir='ltr'>coepit,</span> <span class='ocrx_word' id='word_1_107' title='bbox 1569 2396 1639 2459; x_wconf 89' lang='lat' dir='ltr'>sive</span> <span class='ocrx_word' id='word_1_108' title='bbox 1661 2412 1720 2474; x_wconf 89' lang='lat' dir='ltr'>per</span> <span class='ocrx_word' id='word_1_109' title='bbox 1740 2394 1859 2474; x_wconf 91' lang='lat' dir='ltr'>princi·</span> 
     </span>
    </p>
   </div>
   <div class='ocr_carea' id='block_1_3' title="bbox 363 2532 1955 2613">
    <p class='ocr_par' dir='ltr' id='par_1_5' title="bbox 363 2532 1955 2613">
     <span class='ocr_line' id='line_1_13' title="bbox 363 2532 1955 2613; baseline 0 -19"><span class='ocrx_word' id='word_1_110' title='bbox 363 2548 421 2610; x_wconf 90' lang='lat' dir='ltr'>pes</span> <span class='ocrx_word' id='word_1_111' title='bbox 442 2534 473 2594; x_wconf 90' lang='lat' dir='ltr'>et</span> <span class='ocrx_word' id='word_1_112' title='bbox 495 2532 706 2611; x_wconf 82' lang='lat' dir='ltr'>magistratus</span> <span class='ocrx_word' id='word_1_113' title='bbox 736 2533 793 2612; x_wconf 90' lang='lat' dir='ltr'>qui</span> <span class='ocrx_word' id='word_1_114' title='bbox 826 2533 922 2596; x_wconf 90' lang='lat' dir='ltr'>sedes</span> <span class='ocrx_word' id='word_1_115' title='bbox 952 2534 1096 2613; x_wconf 84' lang='lat' dir='ltr'>figebant</span> <span class='ocrx_word' id='word_1_116' title='bbox 1118 2532 1151 2597; x_wconf 95' lang='lat' dir='ltr'>in</span> <span class='ocrx_word' id='word_1_117' title='bbox 1184 2533 1365 2613; x_wconf 85' lang='lat' dir='ltr'>majoribus</span> <span class='ocrx_word' id='word_1_118' title='bbox 1396 2532 1543 2612; x_wconf 70' lang='lat' dir='ltr'>urbibus</span> <span class='ocrx_word' id='word_1_119' title='bbox 1574 2532 1644 2595; x_wconf 91' lang='lat' dir='ltr'>sive</span> <span class='ocrx_word' id='word_1_120' title='bbox 1674 2533 1855 2611; x_wconf 89' lang='lat' dir='ltr'>perduces</span> <span class='ocrx_word' id='word_1_121' title='bbox 1951 2552 1955 2558; x_wconf 93' lang='grc'>·</span> 
     </span>
    </p>
   </div>
   <div class='ocr_carea' id='block_1_4' title="bbox 362 2667 1851 2749">
    <p class='ocr_par' dir='ltr' id='par_1_6' title="bbox 362 2667 1851 2749">
     <span class='ocr_line' id='line_1_14' title="bbox 362 2667 1851 2749; baseline 0 -19"><span class='ocrx_word' id='word_1_122' title='bbox 362 2667 547 2747; x_wconf 88' lang='lat' dir='ltr'>militesque</span> <span class='ocrx_word' id='word_1_123' title='bbox 583 2668 639 2747; x_wconf 89' lang='lat' dir='ltr'>qui</span> <span class='ocrx_word' id='word_1_124' title='bbox 674 2668 746 2731; x_wconf 91' lang='lat' dir='ltr'>suis</span> <span class='ocrx_word' id='word_1_125' title='bbox 778 2669 866 2733; x_wconf 91' lang='lat' dir='ltr'>illam</span> <span class='ocrx_word' id='word_1_126' title='bbox 902 2672 1080 2733; x_wconf 90' lang='lat' dir='ltr'>tuebantur</span> <span class='ocrx_word' id='word_1_127' title='bbox 1115 2669 1229 2743; x_wconf 71' lang='lat' dir='ltr'>armis</span> <span class='ocrx_word' id='word_1_128' title='bbox 1250 2669 1319 2732; x_wconf 91' lang='lat' dir='ltr'>sive</span> <span class='ocrx_word' id='word_1_129' title='bbox 1351 2686 1409 2749; x_wconf 89' lang='lat' dir='ltr'>per</span> <span class='ocrx_word' id='word_1_130' title='bbox 1429 2668 1588 2748; x_wconf 88' lang='lat' dir='ltr'>colonias,</span> <span class='ocrx_word' id='word_1_131' title='bbox 1621 2669 1709 2731; x_wconf 89' lang='lat' dir='ltr'>haud</span> <span class='ocrx_word' id='word_1_132' title='bbox 1740 2670 1851 2731; x_wconf 91' lang='lat' dir='ltr'>tamen</span> 
     </span>
    </p>
   </div>
   <div class='ocr_carea' id='block_1_5' title="bbox 361 2803 1855 2885">
    <p class='ocr_par' dir='ltr' id='par_1_7' title="bbox 361 2803 1855 2885">
     <span class='ocr_line' id='line_1_15' title="bbox 361 2803 1855 2885; baseline 0.001 -19"><span class='ocrx_word' id='word_1_133' title='bbox 361 2803 503 2883; x_wconf 89' lang='lat' dir='ltr'>ingentis</span> <span class='ocrx_word' id='word_1_134' title='bbox 524 2805 755 2885; x_wconf 90' lang='lat' dir='ltr'>multitudinis,</span> <span class='ocrx_word' id='word_1_135' title='bbox 777 2824 815 2869; x_wconf 89' lang='lat' dir='ltr'>ex</span> <span class='ocrx_word' id='word_1_136' title='bbox 836 2808 974 2872; x_wconf 88' lang='lat' dir='ltr'>Graecia</span> <span class='ocrx_word' id='word_1_137' title='bbox 995 2808 1153 2871; x_wconf 87' lang='lat' dir='ltr'>deductas</span> <span class='ocrx_word' id='word_1_138' title='bbox 1175 2807 1208 2869; x_wconf 94' lang='lat' dir='ltr'>in</span> <span class='ocrx_word' id='word_1_139' title='bbox 1230 2807 1378 2871; x_wconf 83' lang='lat' dir='ltr'>civitates</span> <span class='ocrx_word' id='word_1_140' title='bbox 1398 2824 1418 2871; x_wconf 89' lang='lat' dir='ltr'>a</span> <span class='ocrx_word' id='word_1_141' title='bbox 1439 2806 1642 2870; x_wconf 87' lang='lat' dir='ltr'>Macedoniis</span> <span class='ocrx_word' id='word_1_142' title='bbox 1663 2805 1731 2870; x_wconf 90' lang='lat' dir='ltr'>sive</span> <span class='ocrx_word' id='word_1_143' title='bbox 1754 2805 1855 2867; x_wconf 92' lang='lat' dir='ltr'>novi-</span> 
     </span>
    </p>
   </div>
   <div class='ocr_carea' id='block_1_6' title="bbox 326 2940 1859 3433">
    <p class='ocr_par' dir='ltr' id='par_1_8' title="bbox 360 2940 857 3005">
     <span class='ocr_line' id='line_1_16' title="bbox 360 2940 857 3005; baseline 0.008 -4"><span class='ocrx_word' id='word_1_144' title='bbox 360 2941 409 3002; x_wconf 88' lang='lat' dir='ltr'>ter</span> <span class='ocrx_word' id='word_1_145' title='bbox 430 2941 611 3004; x_wconf 87' lang='lat' dir='ltr'>exstructas</span> <span class='ocrx_word' id='word_1_146' title='bbox 632 2940 701 3005; x_wconf 92' lang='lat' dir='ltr'>sive</span> <span class='ocrx_word' id='word_1_147' title='bbox 722 2945 857 3005; x_wconf 88' lang='lat' dir='ltr'>auctas.</span> 
     </span>
    </p>

    <p class='ocr_par' dir='ltr' id='par_1_9' title="bbox 326 3076 1859 3433">
     <span class='ocr_line' id='line_1_17' title="bbox 468 3076 1852 3160; baseline 0.001 -21"><span class='ocrx_word' id='word_1_148' title='bbox 468 3076 592 3139; x_wconf 87' lang='lat' dir='ltr'>Exinde</span> <span class='ocrx_word' id='word_1_149' title='bbox 613 3080 644 3141; x_wconf 91' lang='lat' dir='ltr'>et</span> <span class='ocrx_word' id='word_1_150' title='bbox 666 3077 727 3157; x_wconf 93' lang='lat' dir='ltr'>ipsi</span> <span class='ocrx_word' id='word_1_151' title='bbox 750 3079 925 3157; x_wconf 85' lang='lat' dir='ltr'>optimates</span> <span class='ocrx_word' id='word_1_152' title='bbox 948 3081 1080 3143; x_wconf 90' lang='lat' dir='ltr'>natione</span> <span class='ocrx_word' id='word_1_153' title='bbox 1102 3079 1182 3160; x_wconf 91' lang='lat' dir='ltr'>syri,</span> <span class='ocrx_word' id='word_1_154' title='bbox 1204 3096 1271 3158; x_wconf 87' lang='lat' dir='ltr'>quo</span> <span class='ocrx_word' id='word_1_155' title='bbox 1291 3078 1422 3141; x_wconf 82' lang='lat' dir='ltr'>facilius</span> <span class='ocrx_word' id='word_1_156' title='bbox 1443 3094 1597 3141; x_wconf 87' lang='lat' dir='ltr'>accessus</span> <span class='ocrx_word' id='word_1_157' title='bbox 1612 3076 1653 3140; x_wconf 90' lang='lat' dir='ltr'>iis</span> <span class='ocrx_word' id='word_1_158' title='bbox 1669 3078 1792 3157; x_wconf 87' lang='lat' dir='ltr'>pateret</span> <span class='ocrx_word' id='word_1_159' title='bbox 1810 3076 1852 3140; x_wconf 87' lang='lat' dir='ltr'>ad</span> 
     </span>
     <span class='ocr_line' id='line_1_18' title="bbox 365 3212 1853 3296; baseline 0.001 -22"><span class='ocrx_word' id='word_1_160' title='bbox 365 3212 541 3291; x_wconf 86' lang='lat' dir='ltr'>principes,</span> <span class='ocrx_word' id='word_1_161' title='bbox 565 3212 698 3275; x_wconf 90' lang='lat' dir='ltr'>illorum</span> <span class='ocrx_word' id='word_1_162' title='bbox 730 3215 944 3279; x_wconf 86' lang='lat' dir='ltr'>addiscebant</span> <span class='ocrx_word' id='word_1_163' title='bbox 967 3217 1131 3296; x_wconf 84' lang='lat' dir='ltr'>linguam.</span> <span class='ocrx_word' id='word_1_164' title='bbox 1153 3217 1326 3280; x_wconf 88' lang='lat' dir='ltr'>Praeterea</span> <span class='ocrx_word' id='word_1_165' title='bbox 1346 3215 1403 3294; x_wconf 91' lang='lat' dir='ltr'>qui</span> <span class='ocrx_word' id='word_1_166' title='bbox 1425 3214 1575 3277; x_wconf 91' lang='lat' dir='ltr'>alacriori</span> <span class='ocrx_word' id='word_1_167' title='bbox 1599 3214 1736 3293; x_wconf 91' lang='lat' dir='ltr'>praediti</span> <span class='ocrx_word' id='word_1_168' title='bbox 1759 3216 1853 3276; x_wconf 89' lang='lat' dir='ltr'>erant</span> 
     </span>
     <span class='ocr_line' id='line_1_19' title="bbox 326 3346 1859 3433; baseline 0.003 -24"><span class='ocrx_word' id='word_1_169' title='bbox 326 3415 329 3420; x_wconf 63' lang='grc'><strong>,</strong></span> <span class='ocrx_word' id='word_1_170' title='bbox 369 3346 502 3427; x_wconf 87' lang='lat' dir='ltr'>ingenio</span> <span class='ocrx_word' id='word_1_171' title='bbox 536 3350 746 3412; x_wconf 89' lang='lat' dir='ltr'>vehementer</span> <span class='ocrx_word' id='word_1_172' title='bbox 779 3351 1009 3415; x_wconf 88' lang='lat' dir='ltr'>alliciebantur</span> <span class='ocrx_word' id='word_1_173' title='bbox 1043 3352 1201 3433; x_wconf 89' lang='lat' dir='ltr'>operibus</span> <span class='ocrx_word' id='word_1_174' title='bbox 1233 3352 1360 3431; x_wconf 91' lang='lat' dir='ltr'>graecis</span> <span class='ocrx_word' id='word_1_175' title='bbox 1390 3351 1537 3431; x_wconf 89' lang='lat' dir='ltr'>legendis</span> <span class='ocrx_word' id='word_1_176' title='bbox 1571 3367 1657 3429; x_wconf 90' lang='lat' dir='ltr'>quae</span> <span class='ocrx_word' id='word_1_177' title='bbox 1692 3351 1859 3413; x_wconf 88' lang='lat' dir='ltr'>celebrata</span> 
     </span>
    </p>
   </div>
   <div class='ocr_carea' id='block_1_7' title="bbox 363 3484 1511 3569">
    <p class='ocr_par' dir='ltr' id='par_1_10' title="bbox 363 3484 1511 3569">
     <span class='ocr_line' id='line_1_20' title="bbox 363 3484 1511 3569; baseline 0.003 -22"><span class='ocrx_word' id='word_1_178' title='bbox 363 3487 457 3547; x_wconf 88' lang='lat' dir='ltr'>erant</span> <span class='ocrx_word' id='word_1_179' title='bbox 477 3484 567 3547; x_wconf 93' lang='lat' dir='ltr'>omni</span> <span class='ocrx_word' id='word_1_180' title='bbox 588 3501 707 3565; x_wconf 88' lang='lat' dir='ltr'>genere</span> <span class='ocrx_word' id='word_1_181' title='bbox 728 3488 941 3551; x_wconf 84' lang='lat' dir='ltr'>scientiarum</span> <span class='ocrx_word' id='word_1_182' title='bbox 965 3493 995 3553; x_wconf 89' lang='lat' dir='ltr'>et</span> <span class='ocrx_word' id='word_1_183' title='bbox 1016 3490 1240 3569; x_wconf 90' lang='lat' dir='ltr'>cognitionum</span> <span class='ocrx_word' id='word_1_184' title='bbox 1264 3489 1354 3552; x_wconf 90' lang='lat' dir='ltr'>illius</span> <span class='ocrx_word' id='word_1_185' title='bbox 1375 3486 1511 3552; x_wconf 86' lang='lat' dir='ltr'>aetatis.</span> 
     </span>
    </p>
   </div>
   <div class='ocr_carea' id='block_1_8' title="bbox 469 3620 1954 3706">
    <p class='ocr_par' dir='ltr' id='par_1_11' title="bbox 469 3620 1954 3706">
     <span class='ocr_line' id='line_1_21' title="bbox 469 3620 1954 3706; baseline 0.001 -23"><span class='ocrx_word' id='word_1_186' title='bbox 469 3620 602 3684; x_wconf 78' lang='lat' dir='ltr'>Accedit</span> <span class='ocrx_word' id='word_1_187' title='bbox 622 3624 711 3701; x_wconf 87' lang='lat' dir='ltr'>quod</span> <span class='ocrx_word' id='word_1_188' title='bbox 742 3625 935 3705; x_wconf 89' lang='lat' dir='ltr'>propagatio</span> <span class='ocrx_word' id='word_1_189' title='bbox 966 3626 1165 3689; x_wconf 84' lang='lat' dir='ltr'>christianae</span> <span class='ocrx_word' id='word_1_190' title='bbox 1198 3626 1367 3706; x_wconf 91' lang='lat' dir='ltr'>religionis</span> <span class='ocrx_word' id='word_1_191' title='bbox 1387 3626 1430 3689; x_wconf 90' lang='lat' dir='ltr'>ab</span> <span class='ocrx_word' id='word_1_192' title='bbox 1452 3622 1627 3687; x_wconf 82' lang='lat' dir='ltr'>Antiochia</span> <span class='ocrx_word' id='word_1_193' title='bbox 1648 3638 1706 3701; x_wconf 90' lang='lat' dir='ltr'>per</span> <span class='ocrx_word' id='word_1_194' title='bbox 1726 3624 1854 3685; x_wconf 83' lang='lat' dir='ltr'>ceteras</span> <span class='ocrx_word' id='word_1_195' title='bbox 1950 3696 1954 3706; x_wconf 40' lang='grc'><strong>,</strong></span> 
     </span>
    </p>
   </div>
   <div class='ocr_carea' id='block_1_9' title="bbox 361 3754 1854 4526">
    <p class='ocr_par' dir='ltr' id='par_1_12' title="bbox 361 3754 1854 4252">
     <span class='ocr_line' id='line_1_22' title="bbox 363 3754 1851 3839; baseline 0.001 -21"><span class='ocrx_word' id='word_1_196' title='bbox 363 3754 477 3835; x_wconf 91' lang='lat' dir='ltr'>Syriae</span> <span class='ocrx_word' id='word_1_197' title='bbox 512 3760 612 3822; x_wconf 87' lang='lat' dir='ltr'>urbes</span> <span class='ocrx_word' id='word_1_198' title='bbox 648 3760 827 3838; x_wconf 90' lang='lat' dir='ltr'>plurimum</span> <span class='ocrx_word' id='word_1_199' title='bbox 863 3762 1040 3826; x_wconf 89' lang='lat' dir='ltr'>contulerit</span> <span class='ocrx_word' id='word_1_200' title='bbox 1072 3762 1275 3826; x_wconf 91' lang='lat' dir='ltr'>incremento</span> <span class='ocrx_word' id='word_1_201' title='bbox 1306 3764 1454 3825; x_wconf 89' lang='lat' dir='ltr'>culturae</span> <span class='ocrx_word' id='word_1_202' title='bbox 1474 3776 1621 3839; x_wconf 89' lang='lat' dir='ltr'>graecae,</span> <span class='ocrx_word' id='word_1_203' title='bbox 1641 3776 1680 3822; x_wconf 87' lang='lat' dir='ltr'>ex</span> <span class='ocrx_word' id='word_1_204' title='bbox 1701 3775 1741 3821; x_wconf 93' lang='lat' dir='ltr'>eo</span> <span class='ocrx_word' id='word_1_205' title='bbox 1762 3760 1851 3837; x_wconf 89' lang='lat' dir='ltr'>quod</span> 
     </span>
     <span class='ocr_line' id='line_1_23' title="bbox 363 3892 1854 3977; baseline 0.001 -24"><span class='ocrx_word' id='word_1_206' title='bbox 363 3896 491 3969; x_wconf 88' lang='lat' dir='ltr'>praeter</span> <span class='ocrx_word' id='word_1_207' title='bbox 511 3897 755 3961; x_wconf 88' lang='lat' dir='ltr'>celeberrimam</span> <span class='ocrx_word' id='word_1_208' title='bbox 777 3897 905 3962; x_wconf 91' lang='lat' dir='ltr'>Veteris</span> <span class='ocrx_word' id='word_1_209' title='bbox 926 3900 1123 3963; x_wconf 88' lang='lat' dir='ltr'>Testamenti</span> <span class='ocrx_word' id='word_1_210' title='bbox 1145 3900 1331 3963; x_wconf 91' lang='lat' dir='ltr'>versionem</span> <span class='ocrx_word' id='word_1_211' title='bbox 1353 3898 1441 3976; x_wconf 89' lang='lat' dir='ltr'>LXX,</span> <span class='ocrx_word' id='word_1_212' title='bbox 1464 3898 1612 3977; x_wconf 90' lang='lat' dir='ltr'>plerique</span> <span class='ocrx_word' id='word_1_213' title='bbox 1634 3895 1709 3957; x_wconf 90' lang='lat' dir='ltr'>libri</span> <span class='ocrx_word' id='word_1_214' title='bbox 1731 3894 1778 3955; x_wconf 94' lang='lat' dir='ltr'>N.</span> <span class='ocrx_word' id='word_1_215' title='bbox 1799 3892 1854 3970; x_wconf 60' lang='lat' dir='ltr'>ll,</span> 
     </span>
     <span class='ocr_line' id='line_1_24' title="bbox 361 4029 1852 4117; baseline -0.001 -26"><span class='ocrx_word' id='word_1_216' title='bbox 361 4029 417 4106; x_wconf 86' lang='lat' dir='ltr'>qui</span> <span class='ocrx_word' id='word_1_217' title='bbox 434 4047 460 4093; x_wconf 41' lang='lat' dir='ltr'>*a</span> <span class='ocrx_word' id='word_1_218' title='bbox 480 4032 584 4095; x_wconf 88' lang='lat' dir='ltr'>sacris</span> <span class='ocrx_word' id='word_1_219' title='bbox 614 4033 824 4113; x_wconf 89' lang='lat' dir='ltr'>agiographis</span> <span class='ocrx_word' id='word_1_220' title='bbox 846 4052 906 4114; x_wconf 94' lang='lat' dir='ltr'>pro</span> <span class='ocrx_word' id='word_1_221' title='bbox 927 4037 1075 4099; x_wconf 91' lang='lat' dir='ltr'>omnium</span> <span class='ocrx_word' id='word_1_222' title='bbox 1106 4038 1253 4117; x_wconf 90' lang='lat' dir='ltr'>gentium</span> <span class='ocrx_word' id='word_1_223' title='bbox 1284 4035 1422 4099; x_wconf 86' lang='lat' dir='ltr'>utilitate</span> <span class='ocrx_word' id='word_1_224' title='bbox 1451 4033 1713 4108; x_wconf 89' lang='lat' dir='ltr'>destinabantur,</span> <span class='ocrx_word' id='word_1_225' title='bbox 1735 4045 1852 4109; x_wconf 86' lang='lat' dir='ltr'>graeca</span> 
     </span>
     <span class='ocr_line' id='line_1_25' title="bbox 362 4164 1708 4252; baseline 0.004 -27"><span class='ocrx_word' id='word_1_226' title='bbox 362 4164 483 4230; x_wconf 84' lang='lat' dir='ltr'>luerint</span> <span class='ocrx_word' id='word_1_227' title='bbox 503 4168 615 4247; x_wconf 87' lang='lat' dir='ltr'>scripti</span> <span class='ocrx_word' id='word_1_228' title='bbox 638 4169 759 4249; x_wconf 86' lang='lat' dir='ltr'>lingua,</span> <span class='ocrx_word' id='word_1_229' title='bbox 781 4188 866 4250; x_wconf 90' lang='lat' dir='ltr'>quae</span> <span class='ocrx_word' id='word_1_230' title='bbox 888 4173 1025 4252; x_wconf 89' lang='lat' dir='ltr'>reliquis</span> <span class='ocrx_word' id='word_1_231' title='bbox 1047 4174 1156 4236; x_wconf 90' lang='lat' dir='ltr'>notior</span> <span class='ocrx_word' id='word_1_232' title='bbox 1177 4177 1208 4237; x_wconf 89' lang='lat' dir='ltr'>et</span> <span class='ocrx_word' id='word_1_233' title='bbox 1229 4172 1381 4236; x_wconf 76' lang='lat' dir='ltr'>diffusior</span> <span class='ocrx_word' id='word_1_234' title='bbox 1403 4189 1462 4251; x_wconf 92' lang='lat' dir='ltr'>per</span> <span class='ocrx_word' id='word_1_235' title='bbox 1483 4172 1595 4234; x_wconf 91' lang='lat' dir='ltr'>orbem</span> <span class='ocrx_word' id='word_1_236' title='bbox 1618 4171 1708 4231; x_wconf 88' lang='lat' dir='ltr'>erat.</span> 
     </span>
    </p>

    <p class='ocr_par' dir='ltr' id='par_1_13' title="bbox 402 4441 1639 4526">
     <span class='ocr_line' id='line_1_26' title="bbox 402 4441 1639 4526; baseline 0 -19"><span class='ocrx_word' id='word_1_237' title='bbox 402 4442 446 4507; x_wconf 83' lang='lat' dir='ltr'>(l)</span> <span class='ocrx_word' id='word_1_238' title='bbox 466 4441 518 4501; x_wconf 81' lang='lat' dir='ltr'>Cf.</span> <span class='ocrx_word' id='word_1_239' title='bbox 537 4444 666 4505; x_wconf 93' lang='lat' dir='ltr'>Strabon</span> <span class='ocrx_word' id='word_1_240' title='bbox 687 4466 781 4523; x_wconf 90' lang='lat' dir='ltr'>geog.</span> <span class='ocrx_word' id='word_1_241' title='bbox 801 4453 827 4509; x_wconf 95' lang='lat' dir='ltr'>l.</span> <span class='ocrx_word' id='word_1_242' title='bbox 846 4451 890 4521; x_wconf 86' lang='lat' dir='ltr'>Xi,</span> <span class='ocrx_word' id='word_1_243' title='bbox 913 4454 940 4509; x_wconf 92' lang='lat' dir='ltr'>il</span> <span class='ocrx_word' id='word_1_244' title='bbox 963 4484 997 4494; x_wconf 94' lang='lat'><em>-</em></span> <span class='ocrx_word' id='word_1_245' title='bbox 1017 4452 1162 4526; x_wconf 89' lang='lat' dir='ltr'>Origenes</span> <span class='ocrx_word' id='word_1_246' title='bbox 1181 4456 1286 4511; x_wconf 87' lang='lat' dir='ltr'>contra</span> <span class='ocrx_word' id='word_1_247' title='bbox 1306 4452 1427 4510; x_wconf 88' lang='lat' dir='ltr'>Celsum</span> <span class='ocrx_word' id='word_1_248' title='bbox 1446 4452 1504 4521; x_wconf 87' lang='lat' dir='ltr'>llll,</span> <span class='ocrx_word' id='word_1_249' title='bbox 1522 4452 1557 4507; x_wconf 80' lang='lat'>9.</span> <span class='ocrx_word' id='word_1_250' title='bbox 1576 4452 1639 4507; x_wconf 93' lang='lat' dir='ltr'>etc.</span> 
     </span>
    </p>
   </div>
   <div class='ocr_carea' id='block_1_10' title="bbox 366 4568 1852 4791">
    <p class='ocr_par' dir='ltr' id='par_1_14' title="bbox 366 4568 1852 4791">
     <span class='ocr_line' id='line_1_27' title="bbox 400 4568 1852 4653; baseline -0.003 -20"><span class='ocrx_word' id='word_1_251' title='bbox 400 4570 444 4635; x_wconf 79' lang='lat'>(2)</span> <span class='ocrx_word' id='word_1_252' title='bbox 464 4568 517 4627; x_wconf 86' lang='lat' dir='ltr'>Cf.</span> <span class='ocrx_word' id='word_1_253' title='bbox 535 4587 614 4644; x_wconf 90' lang='lat' dir='ltr'>opus</span> <span class='ocrx_word' id='word_1_254' title='bbox 641 4576 741 4636; x_wconf 88' lang='lat' dir='ltr'>Clem.</span> <span class='ocrx_word' id='word_1_255' title='bbox 760 4580 832 4637; x_wconf 64' lang='grc' dir='ltr'>λος.</span> <span class='ocrx_word' id='word_1_256' title='bbox 853 4580 947 4639; x_wconf 88' lang='lat' dir='ltr'>David</span> <span class='ocrx_word' id='word_1_257' title='bbox 979 4582 1116 4653; x_wconf 89' lang='lat' dir='ltr'>archiep.</span> <span class='ocrx_word' id='word_1_258' title='bbox 1136 4581 1314 4639; x_wconf 85' lang='lat' dir='ltr'>Damasceni</span> <span class='ocrx_word' id='word_1_259' title='bbox 1346 4594 1483 4651; x_wconf 89' lang='lat' dir='ltr'>syrorum</span> <span class='ocrx_word' id='word_1_260' title='bbox 1517 4578 1564 4635; x_wconf 90' lang='lat' dir='ltr'>cui</span> <span class='ocrx_word' id='word_1_261' title='bbox 1593 4578 1699 4634; x_wconf 89' lang='lat' dir='ltr'>titulus</span> <span class='ocrx_word' id='word_1_262' title='bbox 1731 4573 1852 4630; x_wconf 87' lang='lat' dir='ltr'>arabice</span> 
     </span>
     <span class='ocr_line' id='line_1_28' title="bbox 366 4688 801 4791; baseline 0.005 -28"><span class='ocrx_word' id='word_1_263' title='bbox 366 4712 396 4774; x_wconf 64' lang='grc' dir='ltr'><strong><em>ό</em></strong></span> <span class='ocrx_word' id='word_1_264' title='bbox 398 4688 496 4791; x_wconf 64' lang='lat' dir='ltr'>,lah</span> <span class='ocrx_word' id='word_1_265' title='bbox 516 4716 591 4773; x_wconf 88' lang='lat' dir='ltr'>pag.</span> <span class='ocrx_word' id='word_1_266' title='bbox 610 4706 645 4761; x_wconf 88' lang='lat'>22</span> <span class='ocrx_word' id='word_1_267' title='bbox 664 4708 692 4761; x_wconf 93' lang='lat' dir='ltr'>et</span> <span class='ocrx_word' id='word_1_268' title='bbox 710 4722 801 4779; x_wconf 85' lang='lat' dir='ltr'>seqq.</span> 
     </span>
    </p>
   </div>
   <div class='ocr_carea' id='block_1_11' title="bbox 0 0 2296 6309">
    <p class='ocr_par' dir='ltr' id='par_1_15' title="bbox 0 0 2296 6309">
     <span class='ocr_line' id='line_1_29' title="bbox 0 0 2296 6309; baseline 0 2"><span class='ocrx_word' id='word_1_269' title='bbox 0 0 2296 6309; x_wconf 95' lang='lat' dir='ltr'> </span> 
     </span>
    </p>
   </div>
  </div>
 </body>
</html>
