4584 6309
1078 1000 1177 1062 Index
1190 998 1198 1080 i

385 1261 436 1325 Ad
459 1263 611 1327 lectorem
664 1250 667 1257 ¹
1821 1278 1874 1340 VH
2007 1263 2011 1272 '

385 1398 421 1459 Ι111
456 1398 715 1463 Documentum.
737 1396 832 1465 Ritus
853 1400 1050 1479 receptionis
1071 1403 1217 1484 episcopi
1239 1409 1271 1469 et
1292 1407 1522 1477 celebrationis
1541 1414 1709 1495 liturgiae.
1862 1384 1911 1476 1⁰

459 1539 710 1603 praenotanda.

387 1678 398 1739 l
458 1675 643 1755 Descriptio
665 1672 789 1737 codicis
961 1674 962 1679 ’
1857 1692 1878 1751 3

384 1812 405 1875 2
458 1812 649 1891 Assignatio
670 1810 856 1874 documenti
879 1810 995 1873 aetatis

382 1947 404 2011 3
457 1946 653 2026 Disquisitio
675 1947 715 2009 de
737 1946 850 2027 lingua
871 1946 1020 2027 liturgica
1041 1946 1182 2027 pristina
1203 1949 1307 2012 aelate
1329 1965 1388 2028 per
1407 1946 1535 2028 Syriam
1849 1962 1871 2023 5

454 2081 570 2145 Versio
590 2084 715 2145 textus.
738 2082 829 2147 Ordo
850 2100 918 2163 quo
939 2084 1115 2163 episcopus
1137 2084 1221 2147 inire
1242 2085 1338 2149 debet
1359 2087 1472 2149 urbem
1833 2094 1869 2157 lo

382 2220 429 2282 llm
460 2219 719 2283 Documentum.
741 2220 975 2289 Resolutiones
997 2220 1147 2302 liturgico
1164 2222 1384 2285 -canonicae
1830 2231 1872 2293 23

456 2355 688 2418 Praenotanda

387 2492 398 2553 l
458 2490 615 2555 indicatio
636 2490 760 2555 codicis
1830 2503 1871 2565 25

382 2628 403 2689 2
458 2627 505 2689 De
525 2626 717 2691 auctoribus
739 2626 977 2691 resolutionum

455 2761 571 2826 Versio
591 2764 719 2827 textus
742 2762 859 2843 Capita
878 2780 938 2827 seu
956 2756 1112 2843 quaesita
1132 2762 1176 2825 ab
1196 2758 1414 2824 orientalibus
1435 2763 1566 2824 exarata
1587 2764 1618 2825 et
1639 2762 1743 2827 missa

452 2898 496 2961 -ad
520 2900 641 2977 patres,
662 2898 720 2978 qui
743 2915 905 2979 responsa
925 2900 1086 2963 dederunt
1107 2898 1162 2961 his
1183 2896 1447 2961 resolutionibus

382 3034 443 3097 1111η
459 3035 719 3100 Documentum.
741 3036 788 3099 De
809 3036 1107 3102 ordinationibus.

458 3166 692 3237 Praenotanda

387 3310 399 3369 l
458 3306 614 3371 indicatio
636 3304 760 3371 codicis

383 3444 405 3505 2
459 3442 614 3506 Definitio
634 3440 751 3507 aetatis
771 3434 883 3516 scripti

458 3580 574 3644 Versio
594 3580 720 3643 textus.
742 3578 753 3640 l
776 3576 870 3644 Ritus
891 3574 923 3635 et
943 3583 1091 3633 canones
1112 3564 1153 3629 de
1174 3564 1442 3632 ordinationibus

459 3716 482 3778 ll
500 3716 587 3793 Quid
610 3713 784 3795 potestatis
806 3712 949 3775 habeant
969 3703 1092 3785 singuli
1114 3701 1281 3766 constituti
1306 3703 1340 3767 in
1362 3721 1401 3768 s.
1422 3708 1551 3773 ordinis
1570 3713 1729 3791 gradibus

383 3850 445 3913 lV¹¹¹
478 3852 737 3915 Documentum.
758 3848 906 3929 Epistola
927 3840 1073 3907 Anthimi
1095 3839 1137 3902 ad
1160 3838 1310 3901 iacobum
1333 3840 1538 3908 Baradaeum
1604 3899 1608 3904 ,

458 3986 690 4051 praenotanda

457 4123 573 4188 Versio
594 4125 710 4187 textus.

387 4262 437 4324 V¹¹¹
470 4262 729 4326 Documentum.
752 4253 910 4330 Excerpla
931 4264 969 4312 ex
991 4246 1136 4311 homiliis
1157 4246 1354 4327 epitbroniis
1376 4250 1485 4314 Severi
1508 4254 1728 4320 antiocheni.

461 4396 692 4463 praenotanda

461 4537 576 4601 Versio
596 4538 723 4602 textus.
746 4533 756 4595 1
778 4530 824 4595 Ex
845 4540 999 4591 sermone
1021 4522 1126 4587 LXXV
1147 4525 1188 4586 de
1210 4524 1334 4603 bymno
1356 4526 1549 4605 doxologico

444 4674 467 4736 ll
490 4675 536 4737 Ex
557 4690 709 4737 sermone
731 4632 876 4733 LXXXlV
898 4664 938 4725 de
961 4678 1079 4741 magno
1102 4661 1226 4724 Basilio
1247 4664 1279 4725 et
1301 4662 1459 4741 Gregorio
