4584 6309
1116 666 1154 677 -
1175 635 1195 697 4
1217 668 1254 678 -

443 771 587 833 dendum
611 773 660 834 est
681 771 912 871 documentum
935 770 1083 834 anterius
1104 788 1178 835 esse
1199 771 1414 849 occupatione
1435 770 1549 851 Syriae
1571 788 1629 851 per
1649 773 1794 837 Arabes.

551 908 618 970 lmo
640 906 772 986 probari
794 906 922 969 videtur
949 906 1034 969 idem
1057 907 1114 970 illa
1135 909 1239 970 aetate
1261 924 1335 971 esse
1355 907 1518 970 vetustius
1539 924 1577 971 ex
1599 910 1749 987 eoquod
1771 909 1937 973 contineat

448 1060 539 1122 usus
562 1042 618 1121 qui
642 1042 776 1105 nonnisi
800 1059 902 1121 penes
923 1043 1101 1121 scriptores
1122 1043 1230 1122 quarti
1253 1045 1284 1106 et
1305 1042 1411 1122 quinti
1433 1046 1555 1109 saeculi
1578 1044 1795 1126 reperiuntur,
1816 1045 1939 1126 quique

445 1180 509 1243 iam
534 1180 668 1243 ineunte
689 1180 822 1242 saeculo
844 1182 936 1241 sexto
958 1179 1146 1243 desierunt.

554 1318 659 1381 Itan.
681 1336 721 1397 g.
743 1318 1033 1380 catechumenatus
1065 1316 1244 1396 disciplina
1273 1317 1402 1380 videtur
1424 1318 1543 1382 ibidem
1567 1320 1601 1382 in
1624 1336 1687 1383 suo
1707 1321 1819 1399 vigore
1840 1322 1938 1398 stare,

445 1470 519 1517 curn
543 1453 760 1533 paescribitur
793 1468 860 1515 non
882 1454 990 1514 solum
1014 1454 1048 1515 ut
1069 1455 1138 1515 tum
1160 1470 1298 1533 graecus
1328 1453 1490 1518 diaconus
1519 1459 1589 1519 tum
1612 1473 1710 1535 syrus
1732 1456 1937 1519 dimissionis

445 1591 606 1653 formulas
641 1589 822 1667 enuntient,
854 1590 911 1651 sed
934 1592 964 1652 et
987 1592 1022 1651 ut
1053 1606 1170 1653 omnes
1200 1590 1329 1653 diaconi
1361 1592 1492 1654 easdem
1525 1596 1674 1672 repetant
1694 1592 1708 1670 (
1728 1594 1936 1655 ambulantes

445 1726 693 1806 perecclesiam
716 1730 747 1803 l,
770 1727 875 1789 donec
896 1726 937 1788 ad
960 1726 1062 1788 altare
1083 1726 1259 1789 accedant.

525 1860 720 1925 Praesertim
744 1864 852 1925 autem
875 1860 1056 1941 antiquitas
1078 1862 1181 1955 nostri
1204 1863 1392 1926 documenti
1414 1881 1453 1927 ex
1474 1882 1513 1928 eo
1534 1868 1680 1945 apparet,
1701 1866 1790 1945 quod
1814 1864 1933 1927 ibidem

446 2000 530 2063 inter
544 2000 681 2065 clericos
703 1998 882 2077 interiores,
898 2002 972 2077 post
994 2000 1128 2077 psaltas,
1145 2000 1233 2062 haud
1254 2002 1354 2063 semel
1377 2004 1610 2065 recenseantur
1625 2002 1670 2065 illi
1693 2002 1760 2082 qut,
1773 2003 1942 2081 appellan-

446 2143 501 2203 tur
520 2157 636 2220 graeca
657 2154 736 2203 voce
758 2114 891 2199 pulum:
913 2138 943 2199 et
964 2136 1094 2215 syriaca
1125 2127 1220 2212 Ιῖομ
1245 2138 1278 2200 i.
1300 2156 1336 2201 e.
1359 2138 1482 2218 vigiles,
1505 2156 1645 2218 quorum
1669 2139 1791 2202 mentio
1825 2138 1941 2201 nullibi

449 2277 512 2340 nisi
536 2277 569 2339 in
592 2294 691 2355 opere
712 2293 744 2338 s.
766 2275 937 2338 Maruthae
958 2272 1223 2352 Maipnarlensis
1245 2275 1391 2355 episcopi
1413 2276 1454 2338 de
1475 2276 1650 2340 ordinibus
1671 2275 1841 2355 reperitur.
1857 2276 1942 2339 Scri·

450 2416 497 2478 bit
518 2414 604 2477 enim
629 2427 636 2479 :
663 2412 802 2475 “Munus
823 2428 889 2489 quo
912 2408 1059 2487 fungitur
1080 2410 1335 2473 archidiaconus
1355 2429 1428 2474 sese
1449 2413 1593 2475 extendit
1614 2412 1655 2475 ad
1678 2429 1794 2475 omnes
1815 2412 1939 2491 gradus

341 2586 345 2593 ·
449 2551 600 2613 videlicet
632 2550 673 2612 ad
696 2549 913 2627 presbyteros
936 2545 1104 2623 diaconos
1137 2547 1394 2628 hypodiaconos,
1416 2551 1563 2628 lectores,
1586 2552 1712 2629 psaltas
1732 2553 1764 2612 et
1784 2548 1941 2630 vigiles,.

451 2688 564 2767 (Vide
586 2685 724 2748 interius
746 2687 856 2747 notam
878 2685 897 2744 4
919 2682 959 2745 ad
982 2682 1167 2745 versionem
1190 2684 1325 2748 latinam
1347 2689 1456 2749 tentus
1474 2686 1506 2761 ).

557 2824 694 2901 insuper
716 2821 748 2883 in
771 2822 885 2883 eodem
908 2819 1105 2881 documento
1127 2822 1279 2899 quamvis
1300 2822 1466 2885 inseratur
1489 2822 1687 2902 “trisagion
1701 2870 1715 2899 ,
1738 2823 1834 2885 cuius
1855 2838 1937 2885 usus

450 2962 483 3022 in
507 2959 637 3038 liturgia
657 2960 789 3021 saeculo
810 2956 926 3035 quinto
948 2955 1080 3018 ineunte
1102 2955 1166 3019 iam
1189 2956 1380 3037 innuerat,
1402 2962 1466 3022 sub
1486 2960 1618 3022 silentio
1639 2962 1748 3022 tamen
1771 2958 1936 3038 praeteri·

448 3099 502 3160 tur
530 3096 674 3175 hymnus
696 3060 724 3133 ‘⁰
743 3072 916 3158 μονογενής,
935 3091 1003 3170 qui,
1025 3093 1199 3158 occasione
1230 3096 1460 3159 celeberrimae
1491 3094 1741 3175 disceptationis
1775 3095 1833 3157 “de
1868 3110 1935 3157 uno

451 3250 488 3296 ex
508 3232 666 3295 Trinitate
688 3226 859 3303 cruciiix0,
876 3226 937 3290 fuit
957 3228 1177 3295 concinnatus
1198 3236 1229 3297 et
1243 3234 1277 3295 in
1300 3232 1451 3312 liturgias
1472 3232 1729 3312 hierosolymae,
1753 3231 1935 3295 Antiochiae

449 3373 482 3433 et
503 3369 650 3449 Byzantii
675 3365 898 3430 introductus.

558 3508 731 3571 Praeterea
764 3503 807 3564 ab
834 3502 965 3564 auctore
1002 3502 1169 3566 memorati
1207 3504 1393 3569 documenti
1430 3506 1592 3570 omittitur
1627 3507 1796 3585 ingressus
1832 3505 1940 3567 minor

450 3608 603 3707 (npzapa
616 3612 762 3713 Μῦθος)
783 3638 860 3699 ante
891 3637 1047 3701 lectiones
1078 3638 1309 3718 Scripturales,
1332 3638 1443 3719 neque
1459 3640 1656 3703 describitur
1677 3642 1760 3703 ritus
1783 3639 1937 3702 “maioris

451 3770 637 3850 ingressus,
660 3790 726 3851 quo
748 3776 858 3837 oblata
879 3776 1018 3838 solemni
1042 3792 1163 3856 pompa
1184 3743 1437 3840 deferunturad
1461 3779 1582 3840 altare.

554 3908 710 3988 Tandem,
741 3913 816 3989 post
846 3912 1002 3975 dimissos
1033 3914 1285 3976 catechumenos
1316 3917 1348 3976 et
1377 3914 1541 3994 disposita
1571 3931 1672 3995 super
1701 3930 1791 3977 aram
1814 3914 1933 3989 oblata,

447 4042 524 4106 dicit
554 4045 685 4123 quidem
718 4050 832 4112 auctor
862 4065 935 4111 esse
969 4048 1178 4111 emittendam
1208 4049 1284 4112 tidei
1307 4050 1555 4130 professionem,
1577 4055 1720 4115 attamen
1744 4052 1933 4112 nullatenus

446 4184 678 4245 commemorat
700 4187 885 4262 symbolum
909 4186 1089 4275 Nicoenum,
1112 4186 1207 4249 culus
1230 4203 1313 4251 usus
1334 4189 1476 4253 obtinuit
1492 4190 1525 4251 in
1542 4188 1672 4268 liturgia
1695 4190 1769 4265 post
1785 4185 1927 4248 medium

444 4320 610 4381 saeculum
633 4321 803 4399 qllintum.
